

################## Wirtinger FLow Variants #####################
@misc{Candes_2015,
  doi       = {10.1109/tit.2015.2399924},
  url       = {https://doi.org/10.1109%2Ftit.2015.2399924},
  year      = 2015,
  month     = {4},
  publisher = {Institute of Electrical and Electronics Engineers ({IEEE})},
  volume    = {61},
  number    = {4},
  pages     = {1985--2007},
  author    = {Emmanuel J. Candes and Xiaodong Li and Mahdi Soltanolkotabi},
  title     = {Phase Retrieval via Wirtinger Flow: Theory and Algorithms},
  journal   = {{IEEE} Transactions on Information Theory}
}
@misc{chen2016solving,
  title         = {Solving Random Quadratic Systems of Equations Is Nearly as Easy as Solving Linear Systems},
  author        = {Yuxin Chen and Emmanuel J. Candes},
  year          = {2016},
  eprint        = {1505.05114},
  archiveprefix = {arXiv},
  primaryclass  = {cs.IT}
}
@misc{kolte2016phase,
  title         = {Phase Retrieval via Incremental Truncated Wirtinger Flow},
  author        = {Ritesh Kolte and Ayfer Özgür},
  year          = {2016},
  eprint        = {1606.03196},
  archiveprefix = {arXiv},
  primaryclass  = {cs.IT}
}
@misc{zhang2016reshaped,
  title         = {Reshaped Wirtinger Flow and Incremental Algorithm for Solving Quadratic System of Equations},
  author        = {Huishuai Zhang and Yi Zhou and Yingbin Liang and Yuejie Chi},
  year          = {2016},
  eprint        = {1605.07719},
  archiveprefix = {arXiv},
  primaryclass  = {stat.ML}
}
############################# Analysis ###############################

############################# Unrolling ##############################



############################# Implementation Stuff ###################





































@book{GoWo07,
  title     = {Digital Image Processing},
  publisher = {Prentice Hall},
  year      = {2007},
  author    = {Gonzalez, Rafael C. and Woods, Richard E.},
  edition   = 3
}

@article{Ar66,
  author  = {Armijo, Larry},
  title   = {Minimization of functions having {L}ipschitz continuous first partial derivatives},
  journal = {Pacific Journal of Mathematics},
  year    = {1966},
  volume  = {16},
  pages   = {1--3},
  number  = {1}
}

@techreport{ChEsNi04,
  author      = {Chan, Tony F. and Esedo{\=g}lu, Selim and Nikolova, Mila},
  title       = {Algorithms for Finding Global Minimizers of Image Segmentation and
                 Denoising Models},
  institution = {University of California, Los Angeles},
  year        = {2004},
  number      = {04-54},
  month       = 9
}

@inproceedings{Ch05,
  author    = {Chambolle, Antonin},
  title     = {Total Variation Minimization and a Class of Binary {MRF} Models},
  booktitle = {Energy Minimization Methods in Computer Vision and Pattern Recognition},
  year      = {2005},
  editor    = {Rangarajan, Anand and Vemuri, Baba and Yuille, Alan},
  volume    = {3757},
  series    = {LNCS},
  pages     = {136--152},
  publisher = {Springer},
  doi       = {10.1007/11585978_10}
}
