%% This BibTeX bibliography file was created using BibDesk.
%% https://bibdesk.sourceforge.io/

%% Created for rknot at 2023-08-29 16:30:12 +0200 


%% Saved with string encoding Unicode (UTF-8) 



@Article{Good1960,
  author        = {I. J. Good},
  journal       = {Journal of the Royal Statistical Society. Series B. Statistical Methodology},
  title         = {{The Interaction Algorithm and Practical Fourier Analysis: An Addendum}},
  year          = {1960},
  issn          = {0035-9246},
  number        = {2},
  pages         = {372--375},
  volume        = {22},
  abstract      = {In the original paper it was misleadingly stated that the Yates algorithm is effectively self-inverse. This statement is here elucidated, and a numerical example is given. Attention is drawn to a discrete analogue of Poisson's summation formula, which provides many additional relationships between yields and interactions.},
  bdsk-file-1   = {YnBsaXN0MDDSAQIDBFxyZWxhdGl2ZVBhdGhZYWxpYXNEYXRhXxBMLi4vLi4vLi4vLi4vc2NpZWJvL3RoZXNpcy9wYXBlcnMvR29vZC1JbnRlcmFjdGlvbkFsZ29yaXRobVByYWN0aWNhbC0xOTYwLnBkZk8RAcwAAAAAAcwAAgAADE1hY2ludG9zaCBIRAAAAAAAAAAAAAAAAAAAAODS5dZCRAAB/////x9Hb29kLUludGVyYWN0aW9uQWwjRkZGRkZGRkYucGRmAAAAAAAAAAAAAAAAAAAAAAAAAAAAAAAAAAAAAAAAAAD/////4RJnywAAAAAAAAAAAAQABAAACiBjdQAAAAAAAAAAAAAAAAAGcGFwZXJzAAIATi86VXNlcnM6cmtub3Q6c2NpZWJvOnRoZXNpczpwYXBlcnM6R29vZC1JbnRlcmFjdGlvbkFsZ29yaXRobVByYWN0aWNhbC0xOTYwLnBkZgAOAFgAKwBHAG8AbwBkAC0ASQBuAHQAZQByAGEAYwB0AGkAbwBuAEEAbABnAG8AcgBpAHQAaABtAFAAcgBhAGMAdABpAGMAYQBsAC0AMQA5ADYAMAAuAHAAZABmAA8AGgAMAE0AYQBjAGkAbgB0AG8AcwBoACAASABEABIATFVzZXJzL3Jrbm90L3NjaWViby90aGVzaXMvcGFwZXJzL0dvb2QtSW50ZXJhY3Rpb25BbGdvcml0aG1QcmFjdGljYWwtMTk2MC5wZGYAEwABLwAAFQACAAz//wAAAAgADQAaACQAcwAAAAAAAAIBAAAAAAAAAAUAAAAAAAAAAAAAAAAAAAJD},
  date-added    = {2023-08-28 15:02:44 +0200},
  date-modified = {2023-08-28 15:03:11 +0200},
  file          = {:Good1960 - The Interaction Algorithm and Practical Fourier Analysis_ an Addendum.pdf:PDF},
  publisher     = {[Royal Statistical Society, Wiley]},
  url           = {http://www.jstor.org/stable/2984108},
}

@Book{Hackbusch2019,
  author        = {Wolfgang Hackbusch},
  publisher     = {Springer International Publishing},
  title         = {{Tensor Spaces and Numerical Tensor Calculus}},
  year          = {2019},
  edition       = {Second},
  bdsk-file-1   = {YnBsaXN0MDDSAQIDBFxyZWxhdGl2ZVBhdGhZYWxpYXNEYXRhXxCALi4vLi4vLi4vLi4vc2NpZWJvL21hdGgvbGluZWFyX2FuZF9tdWx0aWxpbmVhcl9hbGdlYnJhL3RlbnNvciBfc3BhY2VzX2FuZF9udW1lcmljYWxfdGVuc29yX2NhbGN1bHVzX2hhY2tidXNjaF9zZWNvbmRfZWRpdGlvbi5wZGZPEQKIAAAAAAKIAAIAAAxNYWNpbnRvc2ggSEQAAAAAAAAAAAAAAAAAAADg0uXWQkQAAf////8fdGVuc29yIF9zcGFjZXNfYW5kI0ZGRkZGRkZGLnBkZgAAAAAAAAAAAAAAAAAAAAAAAAAAAAAAAAAAAAAAAAAA/////+ERYt0AAAAAAAAAAAAEAAQAAAogY3UAAAAAAAAAAAAAAAAAHmxpbmVhcl9hbmRfbXVsdGlsaW5lYXJfYWxnZWJyYQACAIIvOlVzZXJzOnJrbm90OnNjaWVibzptYXRoOmxpbmVhcl9hbmRfbXVsdGlsaW5lYXJfYWxnZWJyYTp0ZW5zb3IgX3NwYWNlc19hbmRfbnVtZXJpY2FsX3RlbnNvcl9jYWxjdWx1c19oYWNrYnVzY2hfc2Vjb25kX2VkaXRpb24ucGRmAA4AlABJAHQAZQBuAHMAbwByACAAXwBzAHAAYQBjAGUAcwBfAGEAbgBkAF8AbgB1AG0AZQByAGkAYwBhAGwAXwB0AGUAbgBzAG8AcgBfAGMAYQBsAGMAdQBsAHUAcwBfAGgAYQBjAGsAYgB1AHMAYwBoAF8AcwBlAGMAbwBuAGQAXwBlAGQAaQB0AGkAbwBuAC4AcABkAGYADwAaAAwATQBhAGMAaQBuAHQAbwBzAGgAIABIAEQAEgCAVXNlcnMvcmtub3Qvc2NpZWJvL21hdGgvbGluZWFyX2FuZF9tdWx0aWxpbmVhcl9hbGdlYnJhL3RlbnNvciBfc3BhY2VzX2FuZF9udW1lcmljYWxfdGVuc29yX2NhbGN1bHVzX2hhY2tidXNjaF9zZWNvbmRfZWRpdGlvbi5wZGYAEwABLwAAFQACAAz//wAAAAgADQAaACQApwAAAAAAAAIBAAAAAAAAAAUAAAAAAAAAAAAAAAAAAAMz},
  date-added    = {2023-08-27 20:28:22 +0200},
  date-modified = {2023-08-27 20:28:49 +0200},
  doi           = {10.1007/978-3-030-35554-8},
  file          = {:Hackbusch2019 - Tensor Spaces and Numerical Tensor Calculus.pdf:PDF},
}

@Book{Horn2012,
  author        = {Roger A. Horn and Charles R. Johnson},
  publisher     = {Cambridge University Press},
  title         = {{Matrix Analysis}},
  year          = {2012},
  edition       = {Second},
  bdsk-file-1   = {YnBsaXN0MDDSAQIDBFxyZWxhdGl2ZVBhdGhZYWxpYXNEYXRhXxBmLi4vLi4vLi4vLi4vc2NpZWJvL21hdGgvbGluZWFyX2FuZF9tdWx0aWxpbmVhcl9hbGdlYnJhL21hdHJpeF9hbmFseXNpc19ob3JuX2pvaG5zb25fc2Vjb25kX2VkaXRpb24ucGRmTxECIAAAAAACIAACAAAMTWFjaW50b3NoIEhEAAAAAAAAAAAAAAAAAAAA4NLl1kJEAAH/////H21hdHJpeF9hbmFseXNpc19obyNGRkZGRkZGRi5wZGYAAAAAAAAAAAAAAAAAAAAAAAAAAAAAAAAAAAAAAAAAAP/////hBbqOAAAAAAAAAAAABAAEAAAKIGN1AAAAAAAAAAAAAAAAAB5saW5lYXJfYW5kX211bHRpbGluZWFyX2FsZ2VicmEAAgBoLzpVc2Vyczpya25vdDpzY2llYm86bWF0aDpsaW5lYXJfYW5kX211bHRpbGluZWFyX2FsZ2VicmE6bWF0cml4X2FuYWx5c2lzX2hvcm5fam9obnNvbl9zZWNvbmRfZWRpdGlvbi5wZGYADgBgAC8AbQBhAHQAcgBpAHgAXwBhAG4AYQBsAHkAcwBpAHMAXwBoAG8AcgBuAF8AagBvAGgAbgBzAG8AbgBfAHMAZQBjAG8AbgBkAF8AZQBkAGkAdABpAG8AbgAuAHAAZABmAA8AGgAMAE0AYQBjAGkAbgB0AG8AcwBoACAASABEABIAZlVzZXJzL3Jrbm90L3NjaWViby9tYXRoL2xpbmVhcl9hbmRfbXVsdGlsaW5lYXJfYWxnZWJyYS9tYXRyaXhfYW5hbHlzaXNfaG9ybl9qb2huc29uX3NlY29uZF9lZGl0aW9uLnBkZgATAAEvAAAVAAIADP//AAAACAANABoAJACNAAAAAAAAAgEAAAAAAAAABQAAAAAAAAAAAAAAAAAAArE=},
  date-added    = {2023-08-27 18:31:57 +0200},
  date-modified = {2023-08-27 18:40:09 +0200},
  file          = {:Horn2012 - Matrix Analysis.pdf:PDF},
  url           = {https://www.cambridge.org/9780521548236},
}

@Book{Olver2018,
  author        = {Peter J. Olver and Chehrzad Shakiban},
  publisher     = {Springer International Publishing},
  title         = {{Applied Linear Algebra}},
  year          = {2018},
  edition       = {Second},
  bdsk-file-1   = {YnBsaXN0MDDSAQIDBFxyZWxhdGl2ZVBhdGhZYWxpYXNEYXRhXxByLi4vLi4vLi4vLi4vc2NpZWJvL21hdGgvdW5kZXJncmFkdWF0ZV90ZXh0X2luX21hdGhlbWF0aWNzL2xpbmVhcl9hbGdlYnJhL2FwcGxpZWRfbGluZWFyX2FsZ2VicmFfb2x2ZXJfc2hha2liYW4ucGRmTxECHAAAAAACHAACAAAMTWFjaW50b3NoIEhEAAAAAAAAAAAAAAAAAAAA4NLl1kJEAAH/////H2FwcGxpZWRfbGluZWFyX2FsZyNGRkZGRkZGRi5wZGYAAAAAAAAAAAAAAAAAAAAAAAAAAAAAAAAAAAAAAAAAAP/////c4lOkAAAAAAAAAAAABAAFAAAKIGN1AAAAAAAAAAAAAAAAAA5saW5lYXJfYWxnZWJyYQACAHQvOlVzZXJzOnJrbm90OnNjaWVibzptYXRoOnVuZGVyZ3JhZHVhdGVfdGV4dF9pbl9tYXRoZW1hdGljczpsaW5lYXJfYWxnZWJyYTphcHBsaWVkX2xpbmVhcl9hbGdlYnJhX29sdmVyX3NoYWtpYmFuLnBkZgAOAFQAKQBhAHAAcABsAGkAZQBkAF8AbABpAG4AZQBhAHIAXwBhAGwAZwBlAGIAcgBhAF8AbwBsAHYAZQByAF8AcwBoAGEAawBpAGIAYQBuAC4AcABkAGYADwAaAAwATQBhAGMAaQBuAHQAbwBzAGgAIABIAEQAEgByVXNlcnMvcmtub3Qvc2NpZWJvL21hdGgvdW5kZXJncmFkdWF0ZV90ZXh0X2luX21hdGhlbWF0aWNzL2xpbmVhcl9hbGdlYnJhL2FwcGxpZWRfbGluZWFyX2FsZ2VicmFfb2x2ZXJfc2hha2liYW4ucGRmABMAAS8AABUAAgAM//8AAAAIAA0AGgAkAJkAAAAAAAACAQAAAAAAAAAFAAAAAAAAAAAAAAAAAAACuQ==},
  date-added    = {2023-08-22 15:46:10 +0200},
  date-modified = {2023-08-22 15:46:34 +0200},
  doi           = {10.1007/978-3-319-91041-3},
  file          = {:Olver2018 - Applied Linear Algebra.pdf:PDF},
}

@Book{Frazier1999,
  author        = {Michael W. Frazier},
  publisher     = {Springer-Verlag},
  title         = {{An Introduction to Wavelets Through Linear Algebra}},
  year          = {1999},
  bdsk-file-1   = {YnBsaXN0MDDSAQIDBFxyZWxhdGl2ZVBhdGhZYWxpYXNEYXRhXxCHLi4vLi4vLi4vLi4vc2NpZWJvL21hdGgvdW5kZXJncmFkdWF0ZV90ZXh0X2luX21hdGhlbWF0aWNzL2xpbmVhcl9hbGdlYnJhL2FuX2ludHJvZHVjdGlvbl90b193YXZlbGV0c190aHJvdWdoX2xpbmVhcl9hbGdlYnJhX2ZyYXppZXIucGRmTxECcgAAAAACcgACAAAMTWFjaW50b3NoIEhEAAAAAAAAAAAAAAAAAAAA4NLl1kJEAAH/////H2FuX2ludHJvZHVjdGlvbl90byNGRkZGRkZGRi5wZGYAAAAAAAAAAAAAAAAAAAAAAAAAAAAAAAAAAAAAAAAAAP/////c4lLgAAAAAAAAAAAABAAFAAAKIGN1AAAAAAAAAAAAAAAAAA5saW5lYXJfYWxnZWJyYQACAIkvOlVzZXJzOnJrbm90OnNjaWVibzptYXRoOnVuZGVyZ3JhZHVhdGVfdGV4dF9pbl9tYXRoZW1hdGljczpsaW5lYXJfYWxnZWJyYTphbl9pbnRyb2R1Y3Rpb25fdG9fd2F2ZWxldHNfdGhyb3VnaF9saW5lYXJfYWxnZWJyYV9mcmF6aWVyLnBkZgAADgB+AD4AYQBuAF8AaQBuAHQAcgBvAGQAdQBjAHQAaQBvAG4AXwB0AG8AXwB3AGEAdgBlAGwAZQB0AHMAXwB0AGgAcgBvAHUAZwBoAF8AbABpAG4AZQBhAHIAXwBhAGwAZwBlAGIAcgBhAF8AZgByAGEAegBpAGUAcgAuAHAAZABmAA8AGgAMAE0AYQBjAGkAbgB0AG8AcwBoACAASABEABIAh1VzZXJzL3Jrbm90L3NjaWViby9tYXRoL3VuZGVyZ3JhZHVhdGVfdGV4dF9pbl9tYXRoZW1hdGljcy9saW5lYXJfYWxnZWJyYS9hbl9pbnRyb2R1Y3Rpb25fdG9fd2F2ZWxldHNfdGhyb3VnaF9saW5lYXJfYWxnZWJyYV9mcmF6aWVyLnBkZgAAEwABLwAAFQACAAz//wAAAAgADQAaACQArgAAAAAAAAIBAAAAAAAAAAUAAAAAAAAAAAAAAAAAAAMk},
  date-added    = {2023-08-22 15:31:45 +0200},
  date-modified = {2023-08-29 16:30:10 +0200},
  doi           = {10.1007/b97841},
  file          = {:Frazier1999 - An Introduction to Wavelets through Linear Algebra.pdf:PDF},
}

@Book{Halmos1974,
  author        = {Paul R. Halmos},
  publisher     = {Springer New York},
  title         = {{Finite-Dimensional Vector Spaces}},
  year          = {1974},
  bdsk-file-1   = {YnBsaXN0MDDSAQIDBFxyZWxhdGl2ZVBhdGhZYWxpYXNEYXRhXxB0Li4vLi4vLi4vLi4vc2NpZWJvL21hdGgvdW5kZXJncmFkdWF0ZV90ZXh0X2luX21hdGhlbWF0aWNzL2xpbmVhcl9hbGdlYnJhL2Zpbml0ZV9kaW1lbnNpb25hbF92ZWN0b3Jfc3BhY2VzX2hhbG1vcy5wZGZPEQIkAAAAAAIkAAIAAAxNYWNpbnRvc2ggSEQAAAAAAAAAAAAAAAAAAADg0uXWQkQAAf////8fZmluaXRlX2RpbWVuc2lvbmFsI0ZGRkZGRkZGLnBkZgAAAAAAAAAAAAAAAAAAAAAAAAAAAAAAAAAAAAAAAAAA/////9zkDXQAAAAAAAAAAAAEAAUAAAogY3UAAAAAAAAAAAAAAAAADmxpbmVhcl9hbGdlYnJhAAIAdi86VXNlcnM6cmtub3Q6c2NpZWJvOm1hdGg6dW5kZXJncmFkdWF0ZV90ZXh0X2luX21hdGhlbWF0aWNzOmxpbmVhcl9hbGdlYnJhOmZpbml0ZV9kaW1lbnNpb25hbF92ZWN0b3Jfc3BhY2VzX2hhbG1vcy5wZGYADgBYACsAZgBpAG4AaQB0AGUAXwBkAGkAbQBlAG4AcwBpAG8AbgBhAGwAXwB2AGUAYwB0AG8AcgBfAHMAcABhAGMAZQBzAF8AaABhAGwAbQBvAHMALgBwAGQAZgAPABoADABNAGEAYwBpAG4AdABvAHMAaAAgAEgARAASAHRVc2Vycy9ya25vdC9zY2llYm8vbWF0aC91bmRlcmdyYWR1YXRlX3RleHRfaW5fbWF0aGVtYXRpY3MvbGluZWFyX2FsZ2VicmEvZmluaXRlX2RpbWVuc2lvbmFsX3ZlY3Rvcl9zcGFjZXNfaGFsbW9zLnBkZgATAAEvAAAVAAIADP//AAAACAANABoAJACbAAAAAAAAAgEAAAAAAAAABQAAAAAAAAAAAAAAAAAAAsM=},
  date-added    = {2023-08-22 15:26:54 +0200},
  date-modified = {2023-08-22 15:27:12 +0200},
  doi           = {10.1007/978-1-4612-6387-6},
  file          = {:Halmos1974 - Finite Dimensional Vector Spaces.pdf:PDF},
}

@Book{Axler2014,
  author        = {Sheldon Axler},
  publisher     = {Springer Cham},
  title         = {{Linear Algebra Done Right}},
  year          = {2014},
  edition       = {Third},
  month         = dec,
  abstract      = {This best-selling textbook for a second course in linear algebra is aimed at undergrad math majors and graduate students. The novel approach taken here banishes determinants to the end of the book. The text focuses on the central goal of linear algebra: understanding the structure of linear operators on finite-dimensional vector spaces. The author has taken unusual care to motivate concepts and to simplify proofs. A variety of interesting exercises in each chapter helps students understand and manipulate the objects of linear algebra.

The third edition contains major improvements and revisions throughout the book. More than 300 new exercises have been added since the previous edition. Many new examples have been added to illustrate the key ideas of linear algebra. New topics covered in the book include product spaces, quotient spaces, and dual spaces. Beautiful new formatting creates pages with an unusually pleasant appearance in both print and electronic versions.

No prerequisites are assumed other than the usual demand for suitable mathematical maturity. Thus the text starts by discussing vector spaces, linear independence, span, basis, and dimension. The book then deals with linear maps, eigenvalues, and eigenvectors. Inner-product spaces are introduced, leading to the finite-dimensional spectral theorem and its consequences. Generalized eigenvectors are then used to provide insight into the structure of a linear operator.},
  bdsk-file-1   = {YnBsaXN0MDDSAQIDBFxyZWxhdGl2ZVBhdGhZYWxpYXNEYXRhXxBsLi4vLi4vLi4vLi4vc2NpZWJvL21hdGgvdW5kZXJncmFkdWF0ZV90ZXh0X2luX21hdGhlbWF0aWNzL2xpbmVhcl9hbGdlYnJhL2xpbmVhcl9hbGdlYnJhX2RvbmVfcmlnaHRfYXhsZXIucGRmTxECBAAAAAACBAACAAAMTWFjaW50b3NoIEhEAAAAAAAAAAAAAAAAAAAA4NLl1kJEAAH/////H2xpbmVhcl9hbGdlYnJhX2RvbiNGRkZGRkZGRi5wZGYAAAAAAAAAAAAAAAAAAAAAAAAAAAAAAAAAAAAAAAAAAP/////c4lNUAAAAAAAAAAAABAAFAAAKIGN1AAAAAAAAAAAAAAAAAA5saW5lYXJfYWxnZWJyYQACAG4vOlVzZXJzOnJrbm90OnNjaWVibzptYXRoOnVuZGVyZ3JhZHVhdGVfdGV4dF9pbl9tYXRoZW1hdGljczpsaW5lYXJfYWxnZWJyYTpsaW5lYXJfYWxnZWJyYV9kb25lX3JpZ2h0X2F4bGVyLnBkZgAOAEgAIwBsAGkAbgBlAGEAcgBfAGEAbABnAGUAYgByAGEAXwBkAG8AbgBlAF8AcgBpAGcAaAB0AF8AYQB4AGwAZQByAC4AcABkAGYADwAaAAwATQBhAGMAaQBuAHQAbwBzAGgAIABIAEQAEgBsVXNlcnMvcmtub3Qvc2NpZWJvL21hdGgvdW5kZXJncmFkdWF0ZV90ZXh0X2luX21hdGhlbWF0aWNzL2xpbmVhcl9hbGdlYnJhL2xpbmVhcl9hbGdlYnJhX2RvbmVfcmlnaHRfYXhsZXIucGRmABMAAS8AABUAAgAM//8AAAAIAA0AGgAkAJMAAAAAAAACAQAAAAAAAAAFAAAAAAAAAAAAAAAAAAACmw==},
  date-added    = {2023-08-22 15:24:54 +0200},
  date-modified = {2023-08-22 15:25:55 +0200},
  doi           = {10.1007/978-3-319-11080-6},
  file          = {:Axler2014 - Linear Algebra Done Right.pdf:PDF},
  keywords      = {Axler linear algebra adopted textbook dual spaces finite-dimensional spectral theorem linear algebra product spaces quotient spaces vector spaces matrix theory},
}

@Book{Jaenich1994,
  author        = {Klaus J{\"a}nich},
  publisher     = {Springer New York},
  title         = {{Linear Algebra}},
  year          = {1994},
  bdsk-file-1   = {YnBsaXN0MDDSAQIDBFxyZWxhdGl2ZVBhdGhZYWxpYXNEYXRhXxBoLi4vLi4vLi4vLi4vc2NpZWJvL21hdGgvdW5kZXJncmFkdWF0ZV90ZXh0X2luX21hdGhlbWF0aWNzL2xpbmVhcl9hbGdlYnJhL2xpbmVhcl9hbGdlYnJhX2tsYXVzX2phbmljaC5wZGZPEQH0AAAAAAH0AAIAAAxNYWNpbnRvc2ggSEQAAAAAAAAAAAAAAAAAAADg0uXWQkQAAf////8fbGluZWFyX2FsZ2VicmFfa2xhdXNfamFuaWNoLnBkZgAAAAAAAAAAAAAAAAAAAAAAAAAAAAAAAAAAAAAAAAAA/////9ziUnoAAAAAAAAAAAAEAAUAAAogY3UAAAAAAAAAAAAAAAAADmxpbmVhcl9hbGdlYnJhAAIAai86VXNlcnM6cmtub3Q6c2NpZWJvOm1hdGg6dW5kZXJncmFkdWF0ZV90ZXh0X2luX21hdGhlbWF0aWNzOmxpbmVhcl9hbGdlYnJhOmxpbmVhcl9hbGdlYnJhX2tsYXVzX2phbmljaC5wZGYADgBAAB8AbABpAG4AZQBhAHIAXwBhAGwAZwBlAGIAcgBhAF8AawBsAGEAdQBzAF8AagBhAG4AaQBjAGgALgBwAGQAZgAPABoADABNAGEAYwBpAG4AdABvAHMAaAAgAEgARAASAGhVc2Vycy9ya25vdC9zY2llYm8vbWF0aC91bmRlcmdyYWR1YXRlX3RleHRfaW5fbWF0aGVtYXRpY3MvbGluZWFyX2FsZ2VicmEvbGluZWFyX2FsZ2VicmFfa2xhdXNfamFuaWNoLnBkZgATAAEvAAAVAAIADP//AAAACAANABoAJACPAAAAAAAAAgEAAAAAAAAABQAAAAAAAAAAAAAAAAAAAoc=},
  date-added    = {2023-08-22 15:21:45 +0200},
  date-modified = {2023-08-22 15:23:40 +0200},
  doi           = {10.1007/978-1-4612-4298-7},
  file          = {:Jaenich1994 - Linear Algebra.pdf:PDF},
}

@Book{Lang1987,
  author        = {Serge Lang},
  publisher     = {Springer New York},
  title         = {{Linear Algebra}},
  year          = {1987},
  edition       = {Third},
  bdsk-file-1   = {YnBsaXN0MDDSAQIDBFxyZWxhdGl2ZVBhdGhZYWxpYXNEYXRhXxBgLi4vLi4vLi4vLi4vc2NpZWJvL21hdGgvdW5kZXJncmFkdWF0ZV90ZXh0X2luX21hdGhlbWF0aWNzL2xpbmVhcl9hbGdlYnJhL2xpbmVhcl9hbGdlYnJhX2xhbmcucGRmTxEB1AAAAAAB1AACAAAMTWFjaW50b3NoIEhEAAAAAAAAAAAAAAAAAAAA4NLl1kJEAAH/////F2xpbmVhcl9hbGdlYnJhX2xhbmcucGRmAAAAAAAAAAAAAAAAAAAAAAAAAAAAAAAAAAAAAAAAAAAAAAAAAAAAAP/////ggEx2AAAAAAAAAAAABAAFAAAKIGN1AAAAAAAAAAAAAAAAAA5saW5lYXJfYWxnZWJyYQACAGIvOlVzZXJzOnJrbm90OnNjaWVibzptYXRoOnVuZGVyZ3JhZHVhdGVfdGV4dF9pbl9tYXRoZW1hdGljczpsaW5lYXJfYWxnZWJyYTpsaW5lYXJfYWxnZWJyYV9sYW5nLnBkZgAOADAAFwBsAGkAbgBlAGEAcgBfAGEAbABnAGUAYgByAGEAXwBsAGEAbgBnAC4AcABkAGYADwAaAAwATQBhAGMAaQBuAHQAbwBzAGgAIABIAEQAEgBgVXNlcnMvcmtub3Qvc2NpZWJvL21hdGgvdW5kZXJncmFkdWF0ZV90ZXh0X2luX21hdGhlbWF0aWNzL2xpbmVhcl9hbGdlYnJhL2xpbmVhcl9hbGdlYnJhX2xhbmcucGRmABMAAS8AABUAAgAM//8AAAAIAA0AGgAkAIcAAAAAAAACAQAAAAAAAAAFAAAAAAAAAAAAAAAAAAACXw==},
  date-added    = {2023-08-22 15:18:17 +0200},
  date-modified = {2023-08-22 15:18:34 +0200},
  doi           = {10.1007/978-1-4757-1949-9},
  file          = {:Lang1987 - Linear Algebra.pdf:PDF},
}

@Book{Lang1986,
  author        = {Serge Lang},
  publisher     = {Springer New York},
  title         = {{Introduction to Linear Algebra}},
  year          = {1986},
  edition       = {Second},
  bdsk-file-1   = {YnBsaXN0MDDSAQIDBFxyZWxhdGl2ZVBhdGhZYWxpYXNEYXRhXxBwLi4vLi4vLi4vLi4vc2NpZWJvL21hdGgvdW5kZXJncmFkdWF0ZV90ZXh0X2luX21hdGhlbWF0aWNzL2xpbmVhcl9hbGdlYnJhL2ludHJvZHVjdGlvbl90b19saW5lYXJfYWxnZWJyYV9sYW5nLnBkZk8RAhQAAAAAAhQAAgAADE1hY2ludG9zaCBIRAAAAAAAAAAAAAAAAAAAAODS5dZCRAAB/////x9pbnRyb2R1Y3Rpb25fdG9fbGkjRkZGRkZGRkYucGRmAAAAAAAAAAAAAAAAAAAAAAAAAAAAAAAAAAAAAAAAAAD/////4IBNQAAAAAAAAAAAAAQABQAACiBjdQAAAAAAAAAAAAAAAAAObGluZWFyX2FsZ2VicmEAAgByLzpVc2Vyczpya25vdDpzY2llYm86bWF0aDp1bmRlcmdyYWR1YXRlX3RleHRfaW5fbWF0aGVtYXRpY3M6bGluZWFyX2FsZ2VicmE6aW50cm9kdWN0aW9uX3RvX2xpbmVhcl9hbGdlYnJhX2xhbmcucGRmAA4AUAAnAGkAbgB0AHIAbwBkAHUAYwB0AGkAbwBuAF8AdABvAF8AbABpAG4AZQBhAHIAXwBhAGwAZwBlAGIAcgBhAF8AbABhAG4AZwAuAHAAZABmAA8AGgAMAE0AYQBjAGkAbgB0AG8AcwBoACAASABEABIAcFVzZXJzL3Jrbm90L3NjaWViby9tYXRoL3VuZGVyZ3JhZHVhdGVfdGV4dF9pbl9tYXRoZW1hdGljcy9saW5lYXJfYWxnZWJyYS9pbnRyb2R1Y3Rpb25fdG9fbGluZWFyX2FsZ2VicmFfbGFuZy5wZGYAEwABLwAAFQACAAz//wAAAAgADQAaACQAlwAAAAAAAAIBAAAAAAAAAAUAAAAAAAAAAAAAAAAAAAKv},
  date-added    = {2023-08-22 15:16:55 +0200},
  date-modified = {2023-08-22 15:17:23 +0200},
  doi           = {10.1007/978-1-4612-1070-2},
  file          = {:Lang1986 - Introduction to Linear Algebra.pdf:PDF},
}

@Book{Stein2011,
  author        = {Elias Menachem Stein and Rami Shakarchi},
  publisher     = {Princeton University Press},
  title         = {{Functional Analysis}},
  year          = {2011},
  bdsk-file-1   = {YnBsaXN0MDDSAQIDBFxyZWxhdGl2ZVBhdGhZYWxpYXNEYXRhXxA+Li4vLi4vLi4vLi4vc2NpZWJvL21hdGgvYW5hbHlzaXMvZnVuY3Rpb25hbF9hbmFseXNpc19zdGVpbi5wZGZPEQGWAAAAAAGWAAIAAAxNYWNpbnRvc2ggSEQAAAAAAAAAAAAAAAAAAADg0uXWQkQAAf////8dZnVuY3Rpb25hbF9hbmFseXNpc19zdGVpbi5wZGYAAAAAAAAAAAAAAAAAAAAAAAAAAAAAAAAAAAAAAAAAAAAA/////92seL4AAAAAAAAAAAAEAAQAAAogY3UAAAAAAAAAAAAAAAAACGFuYWx5c2lzAAIAQC86VXNlcnM6cmtub3Q6c2NpZWJvOm1hdGg6YW5hbHlzaXM6ZnVuY3Rpb25hbF9hbmFseXNpc19zdGVpbi5wZGYADgA8AB0AZgB1AG4AYwB0AGkAbwBuAGEAbABfAGEAbgBhAGwAeQBzAGkAcwBfAHMAdABlAGkAbgAuAHAAZABmAA8AGgAMAE0AYQBjAGkAbgB0AG8AcwBoACAASABEABIAPlVzZXJzL3Jrbm90L3NjaWViby9tYXRoL2FuYWx5c2lzL2Z1bmN0aW9uYWxfYW5hbHlzaXNfc3RlaW4ucGRmABMAAS8AABUAAgAM//8AAAAIAA0AGgAkAGUAAAAAAAACAQAAAAAAAAAFAAAAAAAAAAAAAAAAAAAB/w==},
  date-added    = {2023-08-21 21:01:01 +0200},
  date-modified = {2023-08-21 21:01:39 +0200},
  file          = {:Stein2011 - Functional Analysis.pdf:PDF},
  url           = {https://press.princeton.edu/books/hardcover/9780691113876/functional-analysis},
}

@Book{Stein2005,
  author        = {Elias Menachem Stein and Rami Shakarchi},
  publisher     = {Princeton University Press},
  title         = {{Real Analysis}},
  year          = {2005},
  bdsk-file-1   = {YnBsaXN0MDDSAQIDBFxyZWxhdGl2ZVBhdGhZYWxpYXNEYXRhXxA4Li4vLi4vLi4vLi4vc2NpZWJvL21hdGgvYW5hbHlzaXMvcmVhbF9hbmFseXNpc19zdGVpbi5wZGZPEQF+AAAAAAF+AAIAAAxNYWNpbnRvc2ggSEQAAAAAAAAAAAAAAAAAAADg0uXWQkQAAf////8XcmVhbF9hbmFseXNpc19zdGVpbi5wZGYAAAAAAAAAAAAAAAAAAAAAAAAAAAAAAAAAAAAAAAAAAAAAAAAAAAAA/////92se8oAAAAAAAAAAAAEAAQAAAogY3UAAAAAAAAAAAAAAAAACGFuYWx5c2lzAAIAOi86VXNlcnM6cmtub3Q6c2NpZWJvOm1hdGg6YW5hbHlzaXM6cmVhbF9hbmFseXNpc19zdGVpbi5wZGYADgAwABcAcgBlAGEAbABfAGEAbgBhAGwAeQBzAGkAcwBfAHMAdABlAGkAbgAuAHAAZABmAA8AGgAMAE0AYQBjAGkAbgB0AG8AcwBoACAASABEABIAOFVzZXJzL3Jrbm90L3NjaWViby9tYXRoL2FuYWx5c2lzL3JlYWxfYW5hbHlzaXNfc3RlaW4ucGRmABMAAS8AABUAAgAM//8AAAAIAA0AGgAkAF8AAAAAAAACAQAAAAAAAAAFAAAAAAAAAAAAAAAAAAAB4Q==},
  date-added    = {2023-08-21 21:00:27 +0200},
  date-modified = {2023-08-21 21:00:51 +0200},
  file          = {:Stein2005 - Real Analysis.pdf:PDF},
  url           = {https://press.princeton.edu/books/hardcover/9780691113869/real-analysis},
}

@Book{Stein2003,
  author        = {Elias Menachem Stein and Rami Shakarchi},
  publisher     = {Princeton University Press},
  title         = {{Complex Analysis}},
  year          = {2003},
  bdsk-file-1   = {YnBsaXN0MDDSAQIDBFxyZWxhdGl2ZVBhdGhZYWxpYXNEYXRhXxA7Li4vLi4vLi4vLi4vc2NpZWJvL21hdGgvYW5hbHlzaXMvY29tcGxleF9hbmFseXNpc19zdGVpbi5wZGZPEQGMAAAAAAGMAAIAAAxNYWNpbnRvc2ggSEQAAAAAAAAAAAAAAAAAAADg0uXWQkQAAf////8aY29tcGxleF9hbmFseXNpc19zdGVpbi5wZGYAAAAAAAAAAAAAAAAAAAAAAAAAAAAAAAAAAAAAAAAAAAAAAAAA/////92semoAAAAAAAAAAAAEAAQAAAogY3UAAAAAAAAAAAAAAAAACGFuYWx5c2lzAAIAPS86VXNlcnM6cmtub3Q6c2NpZWJvOm1hdGg6YW5hbHlzaXM6Y29tcGxleF9hbmFseXNpc19zdGVpbi5wZGYAAA4ANgAaAGMAbwBtAHAAbABlAHgAXwBhAG4AYQBsAHkAcwBpAHMAXwBzAHQAZQBpAG4ALgBwAGQAZgAPABoADABNAGEAYwBpAG4AdABvAHMAaAAgAEgARAASADtVc2Vycy9ya25vdC9zY2llYm8vbWF0aC9hbmFseXNpcy9jb21wbGV4X2FuYWx5c2lzX3N0ZWluLnBkZgAAEwABLwAAFQACAAz//wAAAAgADQAaACQAYgAAAAAAAAIBAAAAAAAAAAUAAAAAAAAAAAAAAAAAAAHy},
  date-added    = {2023-08-21 20:58:53 +0200},
  date-modified = {2023-08-21 20:59:44 +0200},
  file          = {:Stein2003 - Complex Analysis.pdf:PDF},
  url           = {https://press.princeton.edu/books/hardcover/9780691113852/complex-analysis},
}

@Book{Stein2003a,
  author        = {Elias Menachem Stein and Rami Shakarchi},
  publisher     = {Princeton University Press},
  title         = {{Fourier Analysis}},
  year          = {2003},
  bdsk-file-1   = {YnBsaXN0MDDSAQIDBFxyZWxhdGl2ZVBhdGhZYWxpYXNEYXRhXxA7Li4vLi4vLi4vLi4vc2NpZWJvL21hdGgvYW5hbHlzaXMvZm91cmllcl9hbmFseXNpc19zdGVpbi5wZGZPEQGMAAAAAAGMAAIAAAxNYWNpbnRvc2ggSEQAAAAAAAAAAAAAAAAAAADg0uXWQkQAAf////8aZm91cmllcl9hbmFseXNpc19zdGVpbi5wZGYAAAAAAAAAAAAAAAAAAAAAAAAAAAAAAAAAAAAAAAAAAAAAAAAA/////92sebkAAAAAAAAAAAAEAAQAAAogY3UAAAAAAAAAAAAAAAAACGFuYWx5c2lzAAIAPS86VXNlcnM6cmtub3Q6c2NpZWJvOm1hdGg6YW5hbHlzaXM6Zm91cmllcl9hbmFseXNpc19zdGVpbi5wZGYAAA4ANgAaAGYAbwB1AHIAaQBlAHIAXwBhAG4AYQBsAHkAcwBpAHMAXwBzAHQAZQBpAG4ALgBwAGQAZgAPABoADABNAGEAYwBpAG4AdABvAHMAaAAgAEgARAASADtVc2Vycy9ya25vdC9zY2llYm8vbWF0aC9hbmFseXNpcy9mb3VyaWVyX2FuYWx5c2lzX3N0ZWluLnBkZgAAEwABLwAAFQACAAz//wAAAAgADQAaACQAYgAAAAAAAAIBAAAAAAAAAAUAAAAAAAAAAAAAAAAAAAHy},
  date-added    = {2023-08-21 20:57:06 +0200},
  date-modified = {2023-08-21 20:58:39 +0200},
  file          = {:Stein2003a - Fourier Analysis.pdf:PDF},
  url           = {https://press.princeton.edu/books/hardcover/9780691113845/fourier-analysis},
}

@Book{Goossens2008,
  author        = {Michel Goossens and Frank Mittelbach and Sebastian Rahtz and Denis Roegel and Herbert VoB},
  publisher     = {Addison-Wesley},
  title         = {{The \LaTeX\space Graphics Companion}},
  year          = {2008},
  edition       = {Second},
  bdsk-file-1   = {YnBsaXN0MDDSAQIDBFxyZWxhdGl2ZVBhdGhZYWxpYXNEYXRhXxB6Li4vLi4vLi4vLi4vc2NpZWJvL21hdGgvbGF0ZXgvdGhlX2xhdGV4X2dyYXBoaWNzX2NvbXBhbmlvbl9nb29zZW5zX21pdHRlbGJhY2hfcmFodHpfcm9lZ2VsX3Zvc3Nfc2Vjb25kX2VkaXRpb25fcmVwcmludC5wZGZPEQKKAAAAAAKKAAIAAAxNYWNpbnRvc2ggSEQAAAAAAAAAAAAAAAAAAADg0uXWQkQAAf////8fdGhlX2xhdGV4X2dyYXBoaWNzI0ZGRkZGRkZGLnBkZgAAAAAAAAAAAAAAAAAAAAAAAAAAAAAAAAAAAAAAAAAA/////+DvxK8AAAAAAAAAAAAEAAQAAAogY3UAAAAAAAAAAAAAAAAABWxhdGV4AAACAHwvOlVzZXJzOnJrbm90OnNjaWVibzptYXRoOmxhdGV4OnRoZV9sYXRleF9ncmFwaGljc19jb21wYW5pb25fZ29vc2Vuc19taXR0ZWxiYWNoX3JhaHR6X3JvZWdlbF92b3NzX3NlY29uZF9lZGl0aW9uX3JlcHJpbnQucGRmAA4AugBcAHQAaABlAF8AbABhAHQAZQB4AF8AZwByAGEAcABoAGkAYwBzAF8AYwBvAG0AcABhAG4AaQBvAG4AXwBnAG8AbwBzAGUAbgBzAF8AbQBpAHQAdABlAGwAYgBhAGMAaABfAHIAYQBoAHQAegBfAHIAbwBlAGcAZQBsAF8AdgBvAHMAcwBfAHMAZQBjAG8AbgBkAF8AZQBkAGkAdABpAG8AbgBfAHIAZQBwAHIAaQBuAHQALgBwAGQAZgAPABoADABNAGEAYwBpAG4AdABvAHMAaAAgAEgARAASAHpVc2Vycy9ya25vdC9zY2llYm8vbWF0aC9sYXRleC90aGVfbGF0ZXhfZ3JhcGhpY3NfY29tcGFuaW9uX2dvb3NlbnNfbWl0dGVsYmFjaF9yYWh0el9yb2VnZWxfdm9zc19zZWNvbmRfZWRpdGlvbl9yZXByaW50LnBkZgATAAEvAAAVAAIADP//AAAACAANABoAJAChAAAAAAAAAgEAAAAAAAAABQAAAAAAAAAAAAAAAAAAAy8=},
  bdsk-file-2   = {YnBsaXN0MDDSAQIDBFxyZWxhdGl2ZVBhdGhZYWxpYXNEYXRhXxByLi4vLi4vLi4vLi4vc2NpZWJvL21hdGgvbGF0ZXgvdGhlX2xhdGV4X2dyYXBoaWNzX2NvbXBhbmlvbl9nb29zZW5zX21pdHRlbGJhY2hfcmFodHpfcm9lZ2VsX3Zvc3Nfc2Vjb25kX2VkaXRpb24ucGRmTxECagAAAAACagACAAAMTWFjaW50b3NoIEhEAAAAAAAAAAAAAAAAAAAA4NLl1kJEAAH/////H3RoZV9sYXRleF9ncmFwaGljcyNGRkZGRkZGRi5wZGYAAAAAAAAAAAAAAAAAAAAAAAAAAAAAAAAAAAAAAAAAAP/////gqYFOAAAAAAAAAAAABAAEAAAKIGN1AAAAAAAAAAAAAAAAAAVsYXRleAAAAgB0LzpVc2Vyczpya25vdDpzY2llYm86bWF0aDpsYXRleDp0aGVfbGF0ZXhfZ3JhcGhpY3NfY29tcGFuaW9uX2dvb3NlbnNfbWl0dGVsYmFjaF9yYWh0el9yb2VnZWxfdm9zc19zZWNvbmRfZWRpdGlvbi5wZGYADgCqAFQAdABoAGUAXwBsAGEAdABlAHgAXwBnAHIAYQBwAGgAaQBjAHMAXwBjAG8AbQBwAGEAbgBpAG8AbgBfAGcAbwBvAHMAZQBuAHMAXwBtAGkAdAB0AGUAbABiAGEAYwBoAF8AcgBhAGgAdAB6AF8AcgBvAGUAZwBlAGwAXwB2AG8AcwBzAF8AcwBlAGMAbwBuAGQAXwBlAGQAaQB0AGkAbwBuAC4AcABkAGYADwAaAAwATQBhAGMAaQBuAHQAbwBzAGgAIABIAEQAEgByVXNlcnMvcmtub3Qvc2NpZWJvL21hdGgvbGF0ZXgvdGhlX2xhdGV4X2dyYXBoaWNzX2NvbXBhbmlvbl9nb29zZW5zX21pdHRlbGJhY2hfcmFodHpfcm9lZ2VsX3Zvc3Nfc2Vjb25kX2VkaXRpb24ucGRmABMAAS8AABUAAgAM//8AAAAIAA0AGgAkAJkAAAAAAAACAQAAAAAAAAAFAAAAAAAAAAAAAAAAAAADBw==},
  date-added    = {2023-08-21 20:44:04 +0200},
  date-modified = {2023-08-21 20:45:51 +0200},
  file          = {:Goossens2008 - The Graphics Companion.pdf:PDF;:the_latex_graphics_companion_goosens_mittelbach_rahtz_roegel_voss_second_edition_reprint.pdf:PDF},
  url           = {https://www.informit.com/store/latex-graphics-companion-9780321508928},
}

@Book{Mittelbach2023,
  author        = {Frank Mittelbach and Ulrike Fischer},
  publisher     = {Addison-Wesley},
  title         = {{The \LaTeX\space Companion: Parts I and II}},
  year          = {2023},
  edition       = {Third},
  bdsk-file-1   = {YnBsaXN0MDDSAQIDBFxyZWxhdGl2ZVBhdGhZYWxpYXNEYXRhXxBILi4vLi4vLi4vLi4vc2NpZWJvL21hdGgvbGF0ZXgvdGhlX2xhdGV4X2NvbXBhbmlvbl9taXR0ZWxiYWNoX2dvb3NlbnMucGRmTxEBwgAAAAABwgACAAAMTWFjaW50b3NoIEhEAAAAAAAAAAAAAAAAAAAA4NLl1kJEAAH/////H3RoZV9sYXRleF9jb21wYW5pbyNGRkZGRkZGRi5wZGYAAAAAAAAAAAAAAAAAAAAAAAAAAAAAAAAAAAAAAAAAAP/////gqX9pAAAAAAAAAAAABAAEAAAKIGN1AAAAAAAAAAAAAAAAAAVsYXRleAAAAgBKLzpVc2Vyczpya25vdDpzY2llYm86bWF0aDpsYXRleDp0aGVfbGF0ZXhfY29tcGFuaW9uX21pdHRlbGJhY2hfZ29vc2Vucy5wZGYADgBWACoAdABoAGUAXwBsAGEAdABlAHgAXwBjAG8AbQBwAGEAbgBpAG8AbgBfAG0AaQB0AHQAZQBsAGIAYQBjAGgAXwBnAG8AbwBzAGUAbgBzAC4AcABkAGYADwAaAAwATQBhAGMAaQBuAHQAbwBzAGgAIABIAEQAEgBIVXNlcnMvcmtub3Qvc2NpZWJvL21hdGgvbGF0ZXgvdGhlX2xhdGV4X2NvbXBhbmlvbl9taXR0ZWxiYWNoX2dvb3NlbnMucGRmABMAAS8AABUAAgAM//8AAAAIAA0AGgAkAG8AAAAAAAACAQAAAAAAAAAFAAAAAAAAAAAAAAAAAAACNQ==},
  date-added    = {2023-08-21 20:42:11 +0200},
  date-modified = {2023-08-21 20:43:16 +0200},
  file          = {:Mittelbach2023 - The Companion_ Parts I and II.pdf:PDF},
  url           = {https://www.informit.com/store/latex-companion-3rd-edition-part-i-9780134658940},
}

@Book{Oetiker2021,
  author        = {Tobias Oetiker},
  title         = {{The Not So Short Introduction to \LaTeX}},
  year          = {2021},
  bdsk-file-1   = {YnBsaXN0MDDSAQIDBFxyZWxhdGl2ZVBhdGhZYWxpYXNEYXRhXxBQLi4vLi4vLi4vLi4vc2NpZWJvL21hdGgvbGF0ZXgvdGhlX25vdF9zb19zaG9ydF9pbnRyb2R1Y3Rpb25fdG9fbGF0ZXhfb2V0aWtlci5wZGZPEQHiAAAAAAHiAAIAAAxNYWNpbnRvc2ggSEQAAAAAAAAAAAAAAAAAAADg0uXWQkQAAf////8fdGhlX25vdF9zb19zaG9ydF9pI0ZGRkZGRkZGLnBkZgAAAAAAAAAAAAAAAAAAAAAAAAAAAAAAAAAAAAAAAAAA/////97kqUAAAAAAAAAAAAAEAAQAAAogY3UAAAAAAAAAAAAAAAAABWxhdGV4AAACAFIvOlVzZXJzOnJrbm90OnNjaWVibzptYXRoOmxhdGV4OnRoZV9ub3Rfc29fc2hvcnRfaW50cm9kdWN0aW9uX3RvX2xhdGV4X29ldGlrZXIucGRmAA4AZgAyAHQAaABlAF8AbgBvAHQAXwBzAG8AXwBzAGgAbwByAHQAXwBpAG4AdAByAG8AZAB1AGMAdABpAG8AbgBfAHQAbwBfAGwAYQB0AGUAeABfAG8AZQB0AGkAawBlAHIALgBwAGQAZgAPABoADABNAGEAYwBpAG4AdABvAHMAaAAgAEgARAASAFBVc2Vycy9ya25vdC9zY2llYm8vbWF0aC9sYXRleC90aGVfbm90X3NvX3Nob3J0X2ludHJvZHVjdGlvbl90b19sYXRleF9vZXRpa2VyLnBkZgATAAEvAAAVAAIADP//AAAACAANABoAJAB3AAAAAAAAAgEAAAAAAAAABQAAAAAAAAAAAAAAAAAAAl0=},
  date-added    = {2023-08-21 20:39:37 +0200},
  date-modified = {2023-08-21 20:40:34 +0200},
  file          = {:Oetiker2021 - The Not so Short Introduction to _.pdf:PDF},
  url           = {http://tug.ctan.org/info/lshort/english/lshort.pdf},
}

@Book{Kopka2004,
  author        = {Helmut Kopka and Patrick W. Daly},
  publisher     = {Addison-Wesley},
  title         = {{Guide to \LaTeX}},
  year          = {2004},
  edition       = {Fourth},
  bdsk-file-1   = {YnBsaXN0MDDSAQIDBFxyZWxhdGl2ZVBhdGhZYWxpYXNEYXRhXxA9Li4vLi4vLi4vLi4vc2NpZWJvL21hdGgvbGF0ZXgvYV9ndWlkZV90b19sYXRleF9rb3BrYV9kYWx5LnBkZk8RAZgAAAAAAZgAAgAADE1hY2ludG9zaCBIRAAAAAAAAAAAAAAAAAAAAODS5dZCRAAB/////x9hX2d1aWRlX3RvX2xhdGV4X2tvcGthX2RhbHkucGRmAAAAAAAAAAAAAAAAAAAAAAAAAAAAAAAAAAAAAAAAAAD/////4Ks2ogAAAAAAAAAAAAQABAAACiBjdQAAAAAAAAAAAAAAAAAFbGF0ZXgAAAIAPy86VXNlcnM6cmtub3Q6c2NpZWJvOm1hdGg6bGF0ZXg6YV9ndWlkZV90b19sYXRleF9rb3BrYV9kYWx5LnBkZgAADgBAAB8AYQBfAGcAdQBpAGQAZQBfAHQAbwBfAGwAYQB0AGUAeABfAGsAbwBwAGsAYQBfAGQAYQBsAHkALgBwAGQAZgAPABoADABNAGEAYwBpAG4AdABvAHMAaAAgAEgARAASAD1Vc2Vycy9ya25vdC9zY2llYm8vbWF0aC9sYXRleC9hX2d1aWRlX3RvX2xhdGV4X2tvcGthX2RhbHkucGRmAAATAAEvAAAVAAIADP//AAAACAANABoAJABkAAAAAAAAAgEAAAAAAAAABQAAAAAAAAAAAAAAAAAAAgA=},
  date-added    = {2023-08-21 20:38:05 +0200},
  date-modified = {2023-08-21 20:39:08 +0200},
  file          = {:Kopka2004 - Guide to _.pdf:PDF},
  url           = {https://www.math.ucdavis.edu/~tracy/courses/math129/Guide_To_LaTeX.pdf},
}

@Book{Kottwitz2023,
  author        = {Stefan Kottwitz},
  publisher     = {Packt Publishing},
  title         = {{\LaTeX\space Graphics with TikZ}},
  year          = {2023},
  bdsk-file-1   = {YnBsaXN0MDDSAQIDBFxyZWxhdGl2ZVBhdGhZYWxpYXNEYXRhXxBDLi4vLi4vLi4vLi4vc2NpZWJvL21hdGgvbGF0ZXgvbGF0ZXhfZ3JhcGhpY3Nfd2l0aF90aWt6X2tvdHR3aXR6LnBkZk8RAbAAAAAAAbAAAgAADE1hY2ludG9zaCBIRAAAAAAAAAAAAAAAAAAAAODS5dZCRAAB/////x9sYXRleF9ncmFwaGljc193aXQjRkZGRkZGRkYucGRmAAAAAAAAAAAAAAAAAAAAAAAAAAAAAAAAAAAAAAAAAAD/////4ONwfwAAAAAAAAAAAAQABAAACiBjdQAAAAAAAAAAAAAAAAAFbGF0ZXgAAAIARS86VXNlcnM6cmtub3Q6c2NpZWJvOm1hdGg6bGF0ZXg6bGF0ZXhfZ3JhcGhpY3Nfd2l0aF90aWt6X2tvdHR3aXR6LnBkZgAADgBMACUAbABhAHQAZQB4AF8AZwByAGEAcABoAGkAYwBzAF8AdwBpAHQAaABfAHQAaQBrAHoAXwBrAG8AdAB0AHcAaQB0AHoALgBwAGQAZgAPABoADABNAGEAYwBpAG4AdABvAHMAaAAgAEgARAASAENVc2Vycy9ya25vdC9zY2llYm8vbWF0aC9sYXRleC9sYXRleF9ncmFwaGljc193aXRoX3Rpa3pfa290dHdpdHoucGRmAAATAAEvAAAVAAIADP//AAAACAANABoAJABqAAAAAAAAAgEAAAAAAAAABQAAAAAAAAAAAAAAAAAAAh4=},
  date-added    = {2023-08-21 20:34:42 +0200},
  date-modified = {2023-08-21 20:35:06 +0200},
  file          = {:Kottwitz2023 - Graphics with TikZ.pdf:PDF},
  url           = {https://www.oreilly.com/library/view/latex-graphics-with/9781804618233/},
}

@Book{Kottwitz2021,
  author        = {Stefan Kottwitz},
  publisher     = {Packt Publishing},
  title         = {{\LaTeX\space Beginner's Guide}},
  year          = {2021},
  edition       = {Second},
  bdsk-file-1   = {YnBsaXN0MDDSAQIDBFxyZWxhdGl2ZVBhdGhZYWxpYXNEYXRhXxBALi4vLi4vLi4vLi4vc2NpZWJvL21hdGgvbGF0ZXgvbGF0ZXhfYmVnaW5uZXJzX2d1aWRlX2tvdHR3aXR6LnBkZk8RAaIAAAAAAaIAAgAADE1hY2ludG9zaCBIRAAAAAAAAAAAAAAAAAAAAODS5dZCRAAB/////x9sYXRleF9iZWdpbm5lcnNfZ3UjRkZGRkZGRkYucGRmAAAAAAAAAAAAAAAAAAAAAAAAAAAAAAAAAAAAAAAAAAD/////4KmBfgAAAAAAAAAAAAQABAAACiBjdQAAAAAAAAAAAAAAAAAFbGF0ZXgAAAIAQi86VXNlcnM6cmtub3Q6c2NpZWJvOm1hdGg6bGF0ZXg6bGF0ZXhfYmVnaW5uZXJzX2d1aWRlX2tvdHR3aXR6LnBkZgAOAEYAIgBsAGEAdABlAHgAXwBiAGUAZwBpAG4AbgBlAHIAcwBfAGcAdQBpAGQAZQBfAGsAbwB0AHQAdwBpAHQAegAuAHAAZABmAA8AGgAMAE0AYQBjAGkAbgB0AG8AcwBoACAASABEABIAQFVzZXJzL3Jrbm90L3NjaWViby9tYXRoL2xhdGV4L2xhdGV4X2JlZ2lubmVyc19ndWlkZV9rb3R0d2l0ei5wZGYAEwABLwAAFQACAAz//wAAAAgADQAaACQAZwAAAAAAAAIBAAAAAAAAAAUAAAAAAAAAAAAAAAAAAAIN},
  date-added    = {2023-08-21 20:33:16 +0200},
  date-modified = {2023-08-21 20:33:53 +0200},
  file          = {:Kottwitz2021 - Beginner's Guide.pdf:PDF},
  url           = {https://www.oreilly.com/library/view/latex-beginners-guide/9781801078658/},
}

@Book{Graetzer2016,
  author        = {George Gr{\"a}tzer},
  publisher     = {Springer International Publishing},
  title         = {{More Math Into \LaTeX}},
  year          = {2016},
  bdsk-file-1   = {YnBsaXN0MDDSAQIDBFxyZWxhdGl2ZVBhdGhZYWxpYXNEYXRhXxA+Li4vLi4vLi4vLi4vc2NpZWJvL21hdGgvbGF0ZXgvbW9yZV9tYXRoX2ludG9fbGF0ZXhfZ3JhdHplci5wZGZPEQGaAAAAAAGaAAIAAAxNYWNpbnRvc2ggSEQAAAAAAAAAAAAAAAAAAADg0uXWQkQAAf////8fbW9yZV9tYXRoX2ludG9fbGF0I0ZGRkZGRkZGLnBkZgAAAAAAAAAAAAAAAAAAAAAAAAAAAAAAAAAAAAAAAAAA/////+CpfNsAAAAAAAAAAAAEAAQAAAogY3UAAAAAAAAAAAAAAAAABWxhdGV4AAACAEAvOlVzZXJzOnJrbm90OnNjaWVibzptYXRoOmxhdGV4Om1vcmVfbWF0aF9pbnRvX2xhdGV4X2dyYXR6ZXIucGRmAA4AQgAgAG0AbwByAGUAXwBtAGEAdABoAF8AaQBuAHQAbwBfAGwAYQB0AGUAeABfAGcAcgBhAHQAegBlAHIALgBwAGQAZgAPABoADABNAGEAYwBpAG4AdABvAHMAaAAgAEgARAASAD5Vc2Vycy9ya25vdC9zY2llYm8vbWF0aC9sYXRleC9tb3JlX21hdGhfaW50b19sYXRleF9ncmF0emVyLnBkZgATAAEvAAAVAAIADP//AAAACAANABoAJABlAAAAAAAAAgEAAAAAAAAABQAAAAAAAAAAAAAAAAAAAgM=},
  date-added    = {2023-08-21 20:30:54 +0200},
  date-modified = {2023-08-21 20:31:19 +0200},
  doi           = {10.1007/978-3-319-23796-1},
  file          = {:Graetzer2016 - More Math into _.pdf:PDF},
}

@Book{Graetzer2014,
  author        = {George Gr{\"a}tzer},
  publisher     = {Springer International Publishing},
  title         = {{Practical \LaTeX}},
  year          = {2014},
  bdsk-file-1   = {YnBsaXN0MDDSAQIDBFxyZWxhdGl2ZVBhdGhZYWxpYXNEYXRhXxA5Li4vLi4vLi4vLi4vc2NpZWJvL21hdGgvbGF0ZXgvcHJhY3RpY2FsX2xhdGV4X2dyYXR6ZXIucGRmTxEBiAAAAAABiAACAAAMTWFjaW50b3NoIEhEAAAAAAAAAAAAAAAAAAAA4NLl1kJEAAH/////G3ByYWN0aWNhbF9sYXRleF9ncmF0emVyLnBkZgAAAAAAAAAAAAAAAAAAAAAAAAAAAAAAAAAAAAAAAAAAAAAAAP/////gqXxEAAAAAAAAAAAABAAEAAAKIGN1AAAAAAAAAAAAAAAAAAVsYXRleAAAAgA7LzpVc2Vyczpya25vdDpzY2llYm86bWF0aDpsYXRleDpwcmFjdGljYWxfbGF0ZXhfZ3JhdHplci5wZGYAAA4AOAAbAHAAcgBhAGMAdABpAGMAYQBsAF8AbABhAHQAZQB4AF8AZwByAGEAdAB6AGUAcgAuAHAAZABmAA8AGgAMAE0AYQBjAGkAbgB0AG8AcwBoACAASABEABIAOVVzZXJzL3Jrbm90L3NjaWViby9tYXRoL2xhdGV4L3ByYWN0aWNhbF9sYXRleF9ncmF0emVyLnBkZgAAEwABLwAAFQACAAz//wAAAAgADQAaACQAYAAAAAAAAAIBAAAAAAAAAAUAAAAAAAAAAAAAAAAAAAHs},
  date-added    = {2023-08-21 20:29:32 +0200},
  date-modified = {2023-08-21 20:29:58 +0200},
  doi           = {10.1007/978-3-319-06425-3},
  file          = {:Graetzer2014 - Practical _.pdf:PDF},
}

@Book{Lamport1994,
  author        = {Leslie Lamport},
  title         = {{\LaTeX: A Document Preparation System}},
  year          = {1994},
  edition       = {Second},
  bdsk-file-1   = {YnBsaXN0MDDSAQIDBFxyZWxhdGl2ZVBhdGhZYWxpYXNEYXRhXxAvLi4vLi4vLi4vLi4vc2NpZWJvL21hdGgvbGF0ZXgvbGF0ZXhfbGFtcG9ydC5wZGZPEQFgAAAAAAFgAAIAAAxNYWNpbnRvc2ggSEQAAAAAAAAAAAAAAAAAAADg0uXWQkQAAf////8RbGF0ZXhfbGFtcG9ydC5wZGYAAAAAAAAAAAAAAAAAAAAAAAAAAAAAAAAAAAAAAAAAAAAAAAAAAAAAAAAAAAAA/////+CsjocAAAAAAAAAAAAEAAQAAAogY3UAAAAAAAAAAAAAAAAABWxhdGV4AAACADEvOlVzZXJzOnJrbm90OnNjaWVibzptYXRoOmxhdGV4OmxhdGV4X2xhbXBvcnQucGRmAAAOACQAEQBsAGEAdABlAHgAXwBsAGEAbQBwAG8AcgB0AC4AcABkAGYADwAaAAwATQBhAGMAaQBuAHQAbwBzAGgAIABIAEQAEgAvVXNlcnMvcmtub3Qvc2NpZWJvL21hdGgvbGF0ZXgvbGF0ZXhfbGFtcG9ydC5wZGYAABMAAS8AABUAAgAM//8AAAAIAA0AGgAkAFYAAAAAAAACAQAAAAAAAAAFAAAAAAAAAAAAAAAAAAABug==},
  date-added    = {2023-08-21 20:27:00 +0200},
  date-modified = {2023-08-21 20:28:35 +0200},
  file          = {:Lamport1994 - _ a Document Preparation System.pdf:PDF},
  url           = {https://www.informit.com/store/latex-a-document-preparation-system-9780201529838},
}

@Book{Knuth1986,
  author        = {Donald Ervin Knuth},
  publisher     = {Addison-Wesley},
  title         = {{Computers and Typesetting, Volume A: The \TeX book}},
  year          = {1986},
  bdsk-file-1   = {YnBsaXN0MDDSAQIDBFxyZWxhdGl2ZVBhdGhZYWxpYXNEYXRhXxAzLi4vLi4vLi4vLi4vc2NpZWJvL21hdGgvbGF0ZXgvdGhlX3RleGJvb2tfa251dGgucGRmTxEBcAAAAAABcAACAAAMTWFjaW50b3NoIEhEAAAAAAAAAAAAAAAAAAAA4NLl1kJEAAH/////FXRoZV90ZXhib29rX2tudXRoLnBkZgAAAAAAAAAAAAAAAAAAAAAAAAAAAAAAAAAAAAAAAAAAAAAAAAAAAAAAAP/////fmR27AAAAAAAAAAAABAAEAAAKIGN1AAAAAAAAAAAAAAAAAAVsYXRleAAAAgA1LzpVc2Vyczpya25vdDpzY2llYm86bWF0aDpsYXRleDp0aGVfdGV4Ym9va19rbnV0aC5wZGYAAA4ALAAVAHQAaABlAF8AdABlAHgAYgBvAG8AawBfAGsAbgB1AHQAaAAuAHAAZABmAA8AGgAMAE0AYQBjAGkAbgB0AG8AcwBoACAASABEABIAM1VzZXJzL3Jrbm90L3NjaWViby9tYXRoL2xhdGV4L3RoZV90ZXhib29rX2tudXRoLnBkZgAAEwABLwAAFQACAAz//wAAAAgADQAaACQAWgAAAAAAAAIBAAAAAAAAAAUAAAAAAAAAAAAAAAAAAAHO},
  date-added    = {2023-08-21 20:24:24 +0200},
  date-modified = {2023-08-21 20:26:48 +0200},
  file          = {:Knuth1986 - Computers and Typesetting, Volume A_ the Book.pdf:PDF},
  url           = {{https://www.informit.com/store/computers-typesetting-volume-a-the-texbook-9780201134476}},
}

@Book{Griffiths2016,
  author        = {Griffiths, David F. and Higham, Desmond J.},
  publisher     = {Society for Industrial and Applied Mathematics},
  title         = {{Learning \LaTeX}},
  year          = {2016},
  address       = {Philadelphia, PA},
  bdsk-file-1   = {YnBsaXN0MDDSAQIDBFxyZWxhdGl2ZVBhdGhZYWxpYXNEYXRhXxBQLi4vLi4vLi4vLi4vc2NpZWJvL21hdGgvbGF0ZXgvbGVhcm5pbmdfbGF0ZXhfZ3JpZmZpdGhzX2hpZ2hhbV9zZWNvbmRfZWRpdGlvbi5wZGZPEQHiAAAAAAHiAAIAAAxNYWNpbnRvc2ggSEQAAAAAAAAAAAAAAAAAAADg0uXWQkQAAf////8fbGVhcm5pbmdfbGF0ZXhfZ3JpI0ZGRkZGRkZGLnBkZgAAAAAAAAAAAAAAAAAAAAAAAAAAAAAAAAAAAAAAAAAA/////9+ZHO4AAAAAAAAAAAAEAAQAAAogY3UAAAAAAAAAAAAAAAAABWxhdGV4AAACAFIvOlVzZXJzOnJrbm90OnNjaWVibzptYXRoOmxhdGV4OmxlYXJuaW5nX2xhdGV4X2dyaWZmaXRoc19oaWdoYW1fc2Vjb25kX2VkaXRpb24ucGRmAA4AZgAyAGwAZQBhAHIAbgBpAG4AZwBfAGwAYQB0AGUAeABfAGcAcgBpAGYAZgBpAHQAaABzAF8AaABpAGcAaABhAG0AXwBzAGUAYwBvAG4AZABfAGUAZABpAHQAaQBvAG4ALgBwAGQAZgAPABoADABNAGEAYwBpAG4AdABvAHMAaAAgAEgARAASAFBVc2Vycy9ya25vdC9zY2llYm8vbWF0aC9sYXRleC9sZWFybmluZ19sYXRleF9ncmlmZml0aHNfaGlnaGFtX3NlY29uZF9lZGl0aW9uLnBkZgATAAEvAAAVAAIADP//AAAACAANABoAJAB3AAAAAAAAAgEAAAAAAAAABQAAAAAAAAAAAAAAAAAAAl0=},
  date-added    = {2023-08-21 20:20:53 +0200},
  date-modified = {2023-08-21 20:21:15 +0200},
  doi           = {10.1137/1.9781611974423},
  file          = {:Griffiths2016 - Learning _.pdf:PDF},
}

@Book{Nocedal2006,
  author        = {Jorge Nocedal and Stephen J. Wright},
  publisher     = {Springer New York},
  title         = {{Numerical Optimization}},
  year          = {2006},
  edition       = {Second},
  bdsk-file-1   = {YnBsaXN0MDDSAQIDBFxyZWxhdGl2ZVBhdGhZYWxpYXNEYXRhXxBKLi4vLi4vLi4vLi4vc2NpZWJvL21hdGgvYW5hbHlzaXMvbnVtZXJpY2FsX29wdGltaXphdGlvbl9ub2NlZGFsX3dyaWdodC5wZGZPEQHGAAAAAAHGAAIAAAxNYWNpbnRvc2ggSEQAAAAAAAAAAAAAAAAAAADg0uXWQkQAAf////8fbnVtZXJpY2FsX29wdGltaXphI0ZGRkZGRkZGLnBkZgAAAAAAAAAAAAAAAAAAAAAAAAAAAAAAAAAAAAAAAAAA/////96MPTUAAAAAAAAAAAAEAAQAAAogY3UAAAAAAAAAAAAAAAAACGFuYWx5c2lzAAIATC86VXNlcnM6cmtub3Q6c2NpZWJvOm1hdGg6YW5hbHlzaXM6bnVtZXJpY2FsX29wdGltaXphdGlvbl9ub2NlZGFsX3dyaWdodC5wZGYADgBUACkAbgB1AG0AZQByAGkAYwBhAGwAXwBvAHAAdABpAG0AaQB6AGEAdABpAG8AbgBfAG4AbwBjAGUAZABhAGwAXwB3AHIAaQBnAGgAdAAuAHAAZABmAA8AGgAMAE0AYQBjAGkAbgB0AG8AcwBoACAASABEABIASlVzZXJzL3Jrbm90L3NjaWViby9tYXRoL2FuYWx5c2lzL251bWVyaWNhbF9vcHRpbWl6YXRpb25fbm9jZWRhbF93cmlnaHQucGRmABMAAS8AABUAAgAM//8AAAAIAA0AGgAkAHEAAAAAAAACAQAAAAAAAAAFAAAAAAAAAAAAAAAAAAACOw==},
  date-added    = {2023-08-21 16:27:50 +0200},
  date-modified = {2023-08-21 16:28:36 +0200},
  doi           = {10.1007/978-0-387-40065-5},
  file          = {:Nocedal2006 - Numerical Optimization.pdf:PDF},
}

@Book{Boyd2004,
  author        = {Stephen Boyd and Lieven Vandenberghe},
  publisher     = {Cambridge University Press},
  title         = {{Convex Optimization}},
  year          = {2004},
  bdsk-file-1   = {YnBsaXN0MDDSAQIDBFxyZWxhdGl2ZVBhdGhZYWxpYXNEYXRhXxBKLi4vLi4vLi4vLi4vc2NpZWJvL21hdGgvYW5hbHlzaXMvY29udmV4X29wdGltaXphdGlvbl9ib3lkX3ZhbmRlbmJlcmdoZS5wZGZPEQHGAAAAAAHGAAIAAAxNYWNpbnRvc2ggSEQAAAAAAAAAAAAAAAAAAADg0uXWQkQAAf////8fY29udmV4X29wdGltaXphdGlvI0ZGRkZGRkZGLnBkZgAAAAAAAAAAAAAAAAAAAAAAAAAAAAAAAAAAAAAAAAAA/////96MPXgAAAAAAAAAAAAEAAQAAAogY3UAAAAAAAAAAAAAAAAACGFuYWx5c2lzAAIATC86VXNlcnM6cmtub3Q6c2NpZWJvOm1hdGg6YW5hbHlzaXM6Y29udmV4X29wdGltaXphdGlvbl9ib3lkX3ZhbmRlbmJlcmdoZS5wZGYADgBUACkAYwBvAG4AdgBlAHgAXwBvAHAAdABpAG0AaQB6AGEAdABpAG8AbgBfAGIAbwB5AGQAXwB2AGEAbgBkAGUAbgBiAGUAcgBnAGgAZQAuAHAAZABmAA8AGgAMAE0AYQBjAGkAbgB0AG8AcwBoACAASABEABIASlVzZXJzL3Jrbm90L3NjaWViby9tYXRoL2FuYWx5c2lzL2NvbnZleF9vcHRpbWl6YXRpb25fYm95ZF92YW5kZW5iZXJnaGUucGRmABMAAS8AABUAAgAM//8AAAAIAA0AGgAkAHEAAAAAAAACAQAAAAAAAAAFAAAAAAAAAAAAAAAAAAACOw==},
  date-added    = {2023-08-21 15:48:53 +0200},
  date-modified = {2023-08-21 15:50:01 +0200},
  file          = {:Boyd2004 - Convex Optimization.pdf:PDF},
  url           = {https://www.cambridge.org/highereducation/books/convex-optimization/17D2FAA54F641A2F62C7CCD01DFA97C4#overview},
}

@Article{Zhang2016,
  author        = {Huishuai Zhang and Yi Zhou and Yingbin Liang and Yuejie Chi},
  title         = {{Reshaped Wirtinger Flow and Incremental Algorithm for Solving Quadratic System of Equations}},
  year          = {2016},
  month         = may,
  abstract      = {We study the phase retrieval problem, which solves quadratic system of equations, i.e., recovers a vector $\boldsymbol{x}\in \mathbb{R}^n$ from its magnitude measurements $y_i=|\langle \boldsymbol{a}_i, \boldsymbol{x}\rangle|, i=1,..., m$. We develop a gradient-like algorithm (referred to as RWF representing reshaped Wirtinger flow) by minimizing a nonconvex nonsmooth loss function. In comparison with existing nonconvex Wirtinger flow (WF) algorithm \cite{candes2015phase}, although the loss function becomes nonsmooth, it involves only the second power of variable and hence reduces the complexity. We show that for random Gaussian measurements, RWF enjoys geometric convergence to a global optimal point as long as the number $m$ of measurements is on the order of $n$, the dimension of the unknown $\boldsymbol{x}$. This improves the sample complexity of WF, and achieves the same sample complexity as truncated Wirtinger flow (TWF) \cite{chen2015solving}, but without truncation in gradient loop. Furthermore, RWF costs less computationally than WF, and runs faster numerically than both WF and TWF. We further develop the incremental (stochastic) reshaped Wirtinger flow (IRWF) and show that IRWF converges linearly to the true signal. We further establish performance guarantee of an existing Kaczmarz method for the phase retrieval problem based on its connection to IRWF. We also empirically demonstrate that IRWF outperforms existing ITWF algorithm (stochastic version of TWF) as well as other batch algorithms.},
  bdsk-file-1   = {YnBsaXN0MDDSAQIDBFxyZWxhdGl2ZVBhdGhZYWxpYXNEYXRhXxAzLi4vLi4vLi4vLi4vc2NpZWJvL3RoZXNpcy9wYXBlcnMvcndmX2lyd2ZfYXJ4aXYucGRmTxEBagAAAAABagACAAAMTWFjaW50b3NoIEhEAAAAAAAAAAAAAAAAAAAA4NLl1kJEAAH/////EnJ3Zl9pcndmX2FyeGl2LnBkZgAAAAAAAAAAAAAAAAAAAAAAAAAAAAAAAAAAAAAAAAAAAAAAAAAAAAAAAAAAAP/////gNNLtAAAAAAAAAAAABAAEAAAKIGN1AAAAAAAAAAAAAAAAAAZwYXBlcnMAAgA1LzpVc2Vyczpya25vdDpzY2llYm86dGhlc2lzOnBhcGVyczpyd2ZfaXJ3Zl9hcnhpdi5wZGYAAA4AJgASAHIAdwBmAF8AaQByAHcAZgBfAGEAcgB4AGkAdgAuAHAAZABmAA8AGgAMAE0AYQBjAGkAbgB0AG8AcwBoACAASABEABIAM1VzZXJzL3Jrbm90L3NjaWViby90aGVzaXMvcGFwZXJzL3J3Zl9pcndmX2FyeGl2LnBkZgAAEwABLwAAFQACAAz//wAAAAgADQAaACQAWgAAAAAAAAIBAAAAAAAAAAUAAAAAAAAAAAAAAAAAAAHI},
  date-added    = {2023-08-21 15:31:15 +0200},
  date-modified = {2023-08-21 15:31:55 +0200},
  file          = {:Zhang2016 - Reshaped Wirtinger Flow and Incremental Algorithm for Solving Quadratic System of Equations.pdf:PDF},
  url           = {https://arxiv.org/pdf/1605.07719.pdf},
}

@Article{Chandra2017,
  author        = {Rohan Chandra and Ziyuan Zhong and Justin Hontz and Val McCulloch and Christoph Studer and Tom Goldstein},
  title         = {{PhasePack: A Phase Retrieval Library}},
  year          = {2017},
  month         = nov,
  abstract      = {Phase retrieval deals with the estimation of complex-valued signals solely from the magnitudes of linear measurements. While there has been a recent explosion in the development of phase retrieval algorithms, the lack of a common interface has made it difficult to compare new methods against the state-of-the-art. The purpose of PhasePack is to create a common software interface for a wide range of phase retrieval algorithms and to provide a common testbed using both synthetic data and empirical imaging datasets. PhasePack is able to benchmark a large number of recent phase retrieval methods against one another to generate comparisons using a range of different performance metrics. The software package handles single method testing as well as multiple method comparisons. 
                   The algorithm implementations in PhasePack differ slightly from their original descriptions in the literature in order to achieve faster speed and improved robustness. In particular, PhasePack uses adaptive stepsizes, line-search methods, and fast eigensolvers to speed up and automate convergence.},
  bdsk-file-1   = {YnBsaXN0MDDSAQIDBFxyZWxhdGl2ZVBhdGhZYWxpYXNEYXRhXxAuLi4vLi4vLi4vLi4vc2NpZWJvL3RoZXNpcy9wYXBlcnMvUGhhc2VQYWNrLnBkZk8RAVQAAAAAAVQAAgAADE1hY2ludG9zaCBIRAAAAAAAAAAAAAAAAAAAAODS5dZCRAAB/////w1QaGFzZVBhY2sucGRmAAAAAAAAAAAAAAAAAAAAAAAAAAAAAAAAAAAAAAAAAAAAAAAAAAAAAAAAAAAAAAAAAAD/////4OlhxAAAAAAAAAAAAAQABAAACiBjdQAAAAAAAAAAAAAAAAAGcGFwZXJzAAIAMC86VXNlcnM6cmtub3Q6c2NpZWJvOnRoZXNpczpwYXBlcnM6UGhhc2VQYWNrLnBkZgAOABwADQBQAGgAYQBzAGUAUABhAGMAawAuAHAAZABmAA8AGgAMAE0AYQBjAGkAbgB0AG8AcwBoACAASABEABIALlVzZXJzL3Jrbm90L3NjaWViby90aGVzaXMvcGFwZXJzL1BoYXNlUGFjay5wZGYAEwABLwAAFQACAAz//wAAAAgADQAaACQAVQAAAAAAAAIBAAAAAAAAAAUAAAAAAAAAAAAAAAAAAAGt},
  date-added    = {2023-08-21 15:28:37 +0200},
  date-modified = {2023-08-21 15:28:56 +0200},
  file          = {:Chandra2017 - PhasePack_ a Phase Retrieval Library.pdf:PDF},
  url           = {https://arxiv.org/pdf/1711.10175.pdf},
}

@InProceedings{Liu2019,
  author        = {Liu, Jian-Wei and Cao, Zhi-Juan and Liu, Jing and Luo, Xiong-Lin and Li, Wei-Min and Ito, Nobuyasu and Guo, Long-Chuan},
  booktitle     = {2019 International Conference on Machine Learning and Cybernetics (ICMLC)},
  title         = {{Phase Retrieval via Wirtinger Flow Algorithm and Its Variants}},
  year          = {2019},
  pages         = {1--9},
  bdsk-file-1   = {YnBsaXN0MDDSAQIDBFxyZWxhdGl2ZVBhdGhZYWxpYXNEYXRhXxBiLi4vLi4vLi4vLi4vc2NpZWJvL3RoZXNpcy9wYXBlcnMvUGhhc2VfUmV0cmlldmFsX3ZpYV9XaXJ0aW5nZXJfRmxvd19BbGdvcml0aG1fYW5kX0l0c19WYXJpYW50cy5wZGZPEQIkAAAAAAIkAAIAAAxNYWNpbnRvc2ggSEQAAAAAAAAAAAAAAAAAAADg0uXWQkQAAf////8fUGhhc2VfUmV0cmlldmFsX3ZpI0ZGRkZGRkZGLnBkZgAAAAAAAAAAAAAAAAAAAAAAAAAAAAAAAAAAAAAAAAAA/////+DpX/0AAAAAAAAAAAAEAAQAAAogY3UAAAAAAAAAAAAAAAAABnBhcGVycwACAGQvOlVzZXJzOnJrbm90OnNjaWVibzp0aGVzaXM6cGFwZXJzOlBoYXNlX1JldHJpZXZhbF92aWFfV2lydGluZ2VyX0Zsb3dfQWxnb3JpdGhtX2FuZF9JdHNfVmFyaWFudHMucGRmAA4AhABBAFAAaABhAHMAZQBfAFIAZQB0AHIAaQBlAHYAYQBsAF8AdgBpAGEAXwBXAGkAcgB0AGkAbgBnAGUAcgBfAEYAbABvAHcAXwBBAGwAZwBvAHIAaQB0AGgAbQBfAGEAbgBkAF8ASQB0AHMAXwBWAGEAcgBpAGEAbgB0AHMALgBwAGQAZgAPABoADABNAGEAYwBpAG4AdABvAHMAaAAgAEgARAASAGJVc2Vycy9ya25vdC9zY2llYm8vdGhlc2lzL3BhcGVycy9QaGFzZV9SZXRyaWV2YWxfdmlhX1dpcnRpbmdlcl9GbG93X0FsZ29yaXRobV9hbmRfSXRzX1ZhcmlhbnRzLnBkZgATAAEvAAAVAAIADP//AAAACAANABoAJACJAAAAAAAAAgEAAAAAAAAABQAAAAAAAAAAAAAAAAAAArE=},
  date-added    = {2023-08-21 15:25:55 +0200},
  date-modified = {2023-08-21 15:26:19 +0200},
  doi           = {10.1109/ICMLC48188.2019.8949170},
  file          = {:Liu2019 - Phase Retrieval Via Wirtinger Flow Algorithm and Its Variants.pdf:PDF},
}

@Article{Kolte2016,
  author        = {Ritesh Kolte and Ayfer {\"O}zg{\"u}r},
  title         = {{Phase Retrieval via Incremental Truncated Wirtinger Flow}},
  year          = {2016},
  month         = jun,
  abstract      = {In the phase retrieval problem, an unknown vector is to be recovered given quadratic measurements. This problem has received considerable attention in recent times. In this paper, we present an algorithm to solve a nonconvex formulation of the phase retrieval problem, that we call $\textit{Incremental Truncated Wirtinger Flow}$. Given random Gaussian sensing vectors, we prove that it converges linearly to the solution, with an optimal sample complexity. We also provide stability guarantees of the algorithm under noisy measurements. Performance and comparisons with existing algorithms are illustrated via numerical experiments on simulated and real data, with both random and structured sensing vectors.},
  bdsk-file-1   = {YnBsaXN0MDDSAQIDBFxyZWxhdGl2ZVBhdGhZYWxpYXNEYXRhXxAvLi4vLi4vLi4vLi4vc2NpZWJvL3RoZXNpcy9wYXBlcnMvMTYwNi4wMzE5Ni5wZGZPEQFaAAAAAAFaAAIAAAxNYWNpbnRvc2ggSEQAAAAAAAAAAAAAAAAAAADg0uXWQkQAAf////8OMTYwNi4wMzE5Ni5wZGYAAAAAAAAAAAAAAAAAAAAAAAAAAAAAAAAAAAAAAAAAAAAAAAAAAAAAAAAAAAAAAAAA/////+EJMTYAAAAAAAAAAAAEAAQAAAogY3UAAAAAAAAAAAAAAAAABnBhcGVycwACADEvOlVzZXJzOnJrbm90OnNjaWVibzp0aGVzaXM6cGFwZXJzOjE2MDYuMDMxOTYucGRmAAAOAB4ADgAxADYAMAA2AC4AMAAzADEAOQA2AC4AcABkAGYADwAaAAwATQBhAGMAaQBuAHQAbwBzAGgAIABIAEQAEgAvVXNlcnMvcmtub3Qvc2NpZWJvL3RoZXNpcy9wYXBlcnMvMTYwNi4wMzE5Ni5wZGYAABMAAS8AABUAAgAM//8AAAAIAA0AGgAkAFYAAAAAAAACAQAAAAAAAAAFAAAAAAAAAAAAAAAAAAABtA==},
  date-added    = {2023-08-21 15:20:44 +0200},
  date-modified = {2023-08-21 15:22:24 +0200},
  file          = {:Kolte2016 - Phase Retrieval Via Incremental Truncated Wirtinger Flow.pdf:PDF},
  url           = {https://arxiv.org/pdf/1606.03196.pdf},
}

@Article{Chen2015,
  author        = {Yuxin Chen and Emmanuel J. Candes},
  title         = {{Solving Ranom Quadratic Systems of Equations Is Nearly as Easy as Solving Linear Systems}},
  year          = {2015},
  month         = may,
  abstract      = {We consider the fundamental problem of solving quadratic systems of equations in $n$ variables, where $y_i = |\langle \boldsymbol{a}_i, \boldsymbol{x} \rangle|^2$, $i = 1, \ldots, m$ and $\boldsymbol{x} \in \mathbb{R}^n$ is unknown. We propose a novel method, which starting with an initial guess computed by means of a spectral method, proceeds by minimizing a nonconvex functional as in the Wirtinger flow approach. There are several key distinguishing features, most notably, a distinct objective functional and novel update rules, which operate in an adaptive fashion and drop terms bearing too much influence on the search direction. These careful selection rules provide a tighter initial guess, better descent directions, and thus enhanced practical performance. On the theoretical side, we prove that for certain unstructured models of quadratic systems, our algorithms return the correct solution in linear time, i.e. in time proportional to reading the data $\{\boldsymbol{a}_i\}$ and $\{y_i\}$ as soon as the ratio $m/n$ between the number of equations and unknowns exceeds a fixed numerical constant. We extend the theory to deal with noisy systems in which we only have $y_i \approx |\langle \boldsymbol{a}_i, \boldsymbol{x} \rangle|^2$ and prove that our algorithms achieve a statistical accuracy, which is nearly un-improvable. We complement our theoretical study with numerical examples showing that solving random quadratic systems is both computationally and statistically not much harder than solving linear systems of the same size---hence the title of this paper. For instance, we demonstrate empirically that the computational cost of our algorithm is about four times that of solving a least-squares problem of the same size.},
  bdsk-file-1   = {YnBsaXN0MDDSAQIDBFxyZWxhdGl2ZVBhdGhZYWxpYXNEYXRhXxAvLi4vLi4vLi4vLi4vc2NpZWJvL3RoZXNpcy9wYXBlcnMvMTUwNS4wNTExNC5wZGZPEQFaAAAAAAFaAAIAAAxNYWNpbnRvc2ggSEQAAAAAAAAAAAAAAAAAAADg0uXWQkQAAf////8OMTUwNS4wNTExNC5wZGYAAAAAAAAAAAAAAAAAAAAAAAAAAAAAAAAAAAAAAAAAAAAAAAAAAAAAAAAAAAAAAAAA/////+EJMPoAAAAAAAAAAAAEAAQAAAogY3UAAAAAAAAAAAAAAAAABnBhcGVycwACADEvOlVzZXJzOnJrbm90OnNjaWVibzp0aGVzaXM6cGFwZXJzOjE1MDUuMDUxMTQucGRmAAAOAB4ADgAxADUAMAA1AC4AMAA1ADEAMQA0AC4AcABkAGYADwAaAAwATQBhAGMAaQBuAHQAbwBzAGgAIABIAEQAEgAvVXNlcnMvcmtub3Qvc2NpZWJvL3RoZXNpcy9wYXBlcnMvMTUwNS4wNTExNC5wZGYAABMAAS8AABUAAgAM//8AAAAIAA0AGgAkAFYAAAAAAAACAQAAAAAAAAAFAAAAAAAAAAAAAAAAAAABtA==},
  date-added    = {2023-08-21 15:18:40 +0200},
  date-modified = {2023-08-21 15:18:58 +0200},
  file          = {:Chen2015 - Solving Ranom Quadratic Systems of Equations Is Nearly As Easy As Solving Linear Systems.pdf:PDF},
  url           = {https://arxiv.org/pdf/1505.05114.pdf},
}

@Article{Candes2014,
  author        = {Emmanuel Candes and Xiaodong Li and Mahdi Soltanolkotabi},
  title         = {{Phase Retrieval via Wirtinger Flow: Theory and Algorithms}},
  year          = {2014},
  month         = jul,
  abstract      = {We study the problem of recovering the phase from magnitude measurements; specifically, we wish to reconstruct a complex-valued signal x of C^n about which we have phaseless samples of the form y_r = |< a_r,x >|^2, r = 1,2,...,m (knowledge of the phase of these samples would yield a linear system). This paper develops a non-convex formulation of the phase retrieval problem as well as a concrete solution algorithm. In a nutshell, this algorithm starts with a careful initialization obtained by means of a spectral method, and then refines this initial estimate by iteratively applying novel update rules, which have low computational complexity, much like in a gradient descent scheme. The main contribution is that this algorithm is shown to rigorously allow the exact retrieval of phase information from a nearly minimal number of random measurements. Indeed, the sequence of successive iterates provably converges to the solution at a geometric rate so that the proposed scheme is efficient both in terms of computational and data resources. In theory, a variation on this scheme leads to a near-linear time algorithm for a physically realizable model based on coded diffraction patterns. We illustrate the effectiveness of our methods with various experiments on image data. Underlying our analysis are insights for the analysis of non-convex optimization schemes that may have implications for computational problems beyond phase retrieval.},
  bdsk-file-1   = {YnBsaXN0MDDSAQIDBFxyZWxhdGl2ZVBhdGhZYWxpYXNEYXRhXxAuLi4vLi4vLi4vLi4vc2NpZWJvL3RoZXNpcy9wYXBlcnMvMTQwNy4xMDY1LnBkZk8RAVQAAAAAAVQAAgAADE1hY2ludG9zaCBIRAAAAAAAAAAAAAAAAAAAAODS5dZCRAAB/////w0xNDA3LjEwNjUucGRmAAAAAAAAAAAAAAAAAAAAAAAAAAAAAAAAAAAAAAAAAAAAAAAAAAAAAAAAAAAAAAAAAAD/////4QVdTAAAAAAAAAAAAAQABAAACiBjdQAAAAAAAAAAAAAAAAAGcGFwZXJzAAIAMC86VXNlcnM6cmtub3Q6c2NpZWJvOnRoZXNpczpwYXBlcnM6MTQwNy4xMDY1LnBkZgAOABwADQAxADQAMAA3AC4AMQAwADYANQAuAHAAZABmAA8AGgAMAE0AYQBjAGkAbgB0AG8AcwBoACAASABEABIALlVzZXJzL3Jrbm90L3NjaWViby90aGVzaXMvcGFwZXJzLzE0MDcuMTA2NS5wZGYAEwABLwAAFQACAAz//wAAAAgADQAaACQAVQAAAAAAAAIBAAAAAAAAAAUAAAAAAAAAAAAAAAAAAAGt},
  date-added    = {2023-08-18 17:36:23 +0200},
  date-modified = {2023-08-18 17:37:35 +0200},
  doi           = {10.1109/TIT.2015.2399924},
  file          = {:Candes2014 - Phase Retrieval Via Wirtinger Flow_ Theory and Algorithms.pdf:PDF},
  rating        = {1},
  read          = {0},
  url           = {https://arxiv.org/pdf/1407.1065.pdf},
}

@Book{Rudin1991,
  author        = {Walter Rudin},
  publisher     = {McGraw-Hill},
  title         = {{Functional Analysis}},
  year          = {1991},
  edition       = {Third},
  series        = {International series in pure and applied mathematics},
  bdsk-file-1   = {YnBsaXN0MDDSAQIDBFxyZWxhdGl2ZVBhdGhZYWxpYXNEYXRhXxBNLi4vLi4vLi4vLi4vc2NpZWJvL21hdGgvYW5hbHlzaXMvZnVuY3Rpb25hbF9hbmFseXNpc19ydWRpbl9zZWNvbmRfZWRpdGlvbi5wZGZPEQHUAAAAAAHUAAIAAAxNYWNpbnRvc2ggSEQAAAAAAAAAAAAAAAAAAADg0uXWQkQAAf////8fZnVuY3Rpb25hbF9hbmFseXNpI0ZGRkZGRkZGLnBkZgAAAAAAAAAAAAAAAAAAAAAAAAAAAAAAAAAAAAAAAAAA/////+B6kmIAAAAAAAAAAAAEAAQAAAogY3UAAAAAAAAAAAAAAAAACGFuYWx5c2lzAAIATy86VXNlcnM6cmtub3Q6c2NpZWJvOm1hdGg6YW5hbHlzaXM6ZnVuY3Rpb25hbF9hbmFseXNpc19ydWRpbl9zZWNvbmRfZWRpdGlvbi5wZGYAAA4AWgAsAGYAdQBuAGMAdABpAG8AbgBhAGwAXwBhAG4AYQBsAHkAcwBpAHMAXwByAHUAZABpAG4AXwBzAGUAYwBvAG4AZABfAGUAZABpAHQAaQBvAG4ALgBwAGQAZgAPABoADABNAGEAYwBpAG4AdABvAHMAaAAgAEgARAASAE1Vc2Vycy9ya25vdC9zY2llYm8vbWF0aC9hbmFseXNpcy9mdW5jdGlvbmFsX2FuYWx5c2lzX3J1ZGluX3NlY29uZF9lZGl0aW9uLnBkZgAAEwABLwAAFQACAAz//wAAAAgADQAaACQAdAAAAAAAAAIBAAAAAAAAAAUAAAAAAAAAAAAAAAAAAAJM},
  date-added    = {2023-08-18 17:30:06 +0200},
  date-modified = {2023-08-18 17:32:38 +0200},
  file          = {:Rudin1991 - Functional Analysis.pdf:PDF},
  url           = {https://59clc.files.wordpress.com/2012/08/functional-analysis-_-rudin-2th.pdf},
}

@Book{Rudin1987,
  author        = {Walter Rudin},
  publisher     = {McGraw-Hill},
  title         = {{Real and Complex Analysis Real and Complex Analysis}},
  year          = {1987},
  edition       = {Third},
  bdsk-file-1   = {YnBsaXN0MDDSAQIDBFxyZWxhdGl2ZVBhdGhZYWxpYXNEYXRhXxBLLi4vLi4vLi4vLi4vc2NpZWJvL21hdGgvYW5hbHlzaXMvcmVhbF9hbmRfY29tcGxleF9hbmFseXNpc193YWx0ZXJfcnVkaW4ucGRmTxEBzAAAAAABzAACAAAMTWFjaW50b3NoIEhEAAAAAAAAAAAAAAAAAAAA4NLl1kJEAAH/////H3JlYWxfYW5kX2NvbXBsZXhfYSNGRkZGRkZGRi5wZGYAAAAAAAAAAAAAAAAAAAAAAAAAAAAAAAAAAAAAAAAAAP/////dqhlPAAAAAAAAAAAABAAEAAAKIGN1AAAAAAAAAAAAAAAAAAhhbmFseXNpcwACAE0vOlVzZXJzOnJrbm90OnNjaWVibzptYXRoOmFuYWx5c2lzOnJlYWxfYW5kX2NvbXBsZXhfYW5hbHlzaXNfd2FsdGVyX3J1ZGluLnBkZgAADgBWACoAcgBlAGEAbABfAGEAbgBkAF8AYwBvAG0AcABsAGUAeABfAGEAbgBhAGwAeQBzAGkAcwBfAHcAYQBsAHQAZQByAF8AcgB1AGQAaQBuAC4AcABkAGYADwAaAAwATQBhAGMAaQBuAHQAbwBzAGgAIABIAEQAEgBLVXNlcnMvcmtub3Qvc2NpZWJvL21hdGgvYW5hbHlzaXMvcmVhbF9hbmRfY29tcGxleF9hbmFseXNpc193YWx0ZXJfcnVkaW4ucGRmAAATAAEvAAAVAAIADP//AAAACAANABoAJAByAAAAAAAAAgEAAAAAAAAABQAAAAAAAAAAAAAAAAAAAkI=},
  date-added    = {2023-08-18 17:26:50 +0200},
  date-modified = {2023-08-18 17:29:15 +0200},
  file          = {:Rudin1987 - Real and Complex Analysis Real and Complex Analysis.pdf:PDF},
  read          = {0},
  url           = {https://www.mheducation.com/highered/product/real-complex-analysis-rudin/M9780070542341.html},
}

@Book{Rudin1976,
  author        = {Walter Rudin},
  publisher     = {McGraw-Hill},
  title         = {{Principles of Mathematical Analysis}},
  year          = {1976},
  edition       = {Third},
  series        = {International series in pure and applied mathematics},
  bdsk-file-1   = {YnBsaXN0MDDSAQIDBFxyZWxhdGl2ZVBhdGhZYWxpYXNEYXRhXxBVLi4vLi4vLi4vLi4vc2NpZWJvL21hdGgvYW5hbHlzaXMvcHJpbmNpcGxlc19vZl9tYXRoZW1hdGljYWxfYW5hbHlzaXNfd2FsdGVyX3J1ZGluLnBkZk8RAfQAAAAAAfQAAgAADE1hY2ludG9zaCBIRAAAAAAAAAAAAAAAAAAAAODS5dZCRAAB/////x9wcmluY2lwbGVzX29mX21hdGgjRkZGRkZGRkYucGRmAAAAAAAAAAAAAAAAAAAAAAAAAAAAAAAAAAAAAAAAAAD/////3aobLwAAAAAAAAAAAAQABAAACiBjdQAAAAAAAAAAAAAAAAAIYW5hbHlzaXMAAgBXLzpVc2Vyczpya25vdDpzY2llYm86bWF0aDphbmFseXNpczpwcmluY2lwbGVzX29mX21hdGhlbWF0aWNhbF9hbmFseXNpc193YWx0ZXJfcnVkaW4ucGRmAAAOAGoANABwAHIAaQBuAGMAaQBwAGwAZQBzAF8AbwBmAF8AbQBhAHQAaABlAG0AYQB0AGkAYwBhAGwAXwBhAG4AYQBsAHkAcwBpAHMAXwB3AGEAbAB0AGUAcgBfAHIAdQBkAGkAbgAuAHAAZABmAA8AGgAMAE0AYQBjAGkAbgB0AG8AcwBoACAASABEABIAVVVzZXJzL3Jrbm90L3NjaWViby9tYXRoL2FuYWx5c2lzL3ByaW5jaXBsZXNfb2ZfbWF0aGVtYXRpY2FsX2FuYWx5c2lzX3dhbHRlcl9ydWRpbi5wZGYAABMAAS8AABUAAgAM//8AAAAIAA0AGgAkAHwAAAAAAAACAQAAAAAAAAAFAAAAAAAAAAAAAAAAAAACdA==},
  date-added    = {2023-08-18 17:21:33 +0200},
  date-modified = {2023-08-18 17:24:53 +0200},
  file          = {:Rudin1976 - Principles of Mathematical Analysis.pdf:PDF},
  url           = {https://www.mheducation.com/highered/product/principles-mathematical-analysis-rudin/M9780070542358.html},
}

@Book{Damelin2011,
  author        = {Steven B. Damelin and Willard Miller Jr.},
  publisher     = {Cambridge University Press},
  title         = {{The Mathematics of Signal Processing The Mathematics of Signal Processing}},
  year          = {2011},
  bdsk-file-1   = {YnBsaXN0MDDSAQIDBFxyZWxhdGl2ZVBhdGhZYWxpYXNEYXRhXxCfLi4vLi4vLi4vLi4vc2NpZWJvL21hdGgvaW1hZ2VfcHJvY2Vzc2luZy9tYXRoZW1hdGljYWxfbWV0aG9kc19pbl9zaWduYWxfYW5kX2ltYWdlX3Byb2Nlc3NpbmcvcmVmZXJlbmNlcy90aGVfbWF0aGVtYXRpY3Nfb2Zfc2lnbmFsX3Byb2Nlc3NpbmdfZGFtZWxpbl9taWxsZXIucGRmTxECkAAAAAACkAACAAAMTWFjaW50b3NoIEhEAAAAAAAAAAAAAAAAAAAA4NLl1kJEAAH/////H3RoZV9tYXRoZW1hdGljc19vZiNGRkZGRkZGRi5wZGYAAAAAAAAAAAAAAAAAAAAAAAAAAAAAAAAAAAAAAAAAAP/////deLExAAAAAAAAAAAABAAGAAAKIGN1AAAAAAAAAAAAAAAAAApyZWZlcmVuY2VzAAIAoS86VXNlcnM6cmtub3Q6c2NpZWJvOm1hdGg6aW1hZ2VfcHJvY2Vzc2luZzptYXRoZW1hdGljYWxfbWV0aG9kc19pbl9zaWduYWxfYW5kX2ltYWdlX3Byb2Nlc3Npbmc6cmVmZXJlbmNlczp0aGVfbWF0aGVtYXRpY3Nfb2Zfc2lnbmFsX3Byb2Nlc3NpbmdfZGFtZWxpbl9taWxsZXIucGRmAAAOAHAANwB0AGgAZQBfAG0AYQB0AGgAZQBtAGEAdABpAGMAcwBfAG8AZgBfAHMAaQBnAG4AYQBsAF8AcAByAG8AYwBlAHMAcwBpAG4AZwBfAGQAYQBtAGUAbABpAG4AXwBtAGkAbABsAGUAcgAuAHAAZABmAA8AGgAMAE0AYQBjAGkAbgB0AG8AcwBoACAASABEABIAn1VzZXJzL3Jrbm90L3NjaWViby9tYXRoL2ltYWdlX3Byb2Nlc3NpbmcvbWF0aGVtYXRpY2FsX21ldGhvZHNfaW5fc2lnbmFsX2FuZF9pbWFnZV9wcm9jZXNzaW5nL3JlZmVyZW5jZXMvdGhlX21hdGhlbWF0aWNzX29mX3NpZ25hbF9wcm9jZXNzaW5nX2RhbWVsaW5fbWlsbGVyLnBkZgAAEwABLwAAFQACAAz//wAAAAgADQAaACQAxgAAAAAAAAIBAAAAAAAAAAUAAAAAAAAAAAAAAAAAAANa},
  date-added    = {2023-08-18 17:06:54 +0200},
  date-modified = {2023-08-18 17:11:06 +0200},
  doi           = {10.1017/CBO9781139003896},
  file          = {:Damelin2011 - The Mathematics of Signal Processing the Mathematics of Signal Processing.pdf:PDF},
  url           = {https://www.cambridge.org/core/books/mathematics-of-signal-processing/A3F20BC5FBB820E923E66C8CCB13B173},
}

@Book{Bredies2018,
  author        = {Kristian Bredies and Dirk Lorenz},
  publisher     = {Springer International Publishing},
  title         = {{Mathematical Image Processing}},
  year          = {2018},
  bdsk-file-1   = {YnBsaXN0MDDSAQIDBFxyZWxhdGl2ZVBhdGhZYWxpYXNEYXRhXxCYLi4vLi4vLi4vLi4vc2NpZWJvL21hdGgvaW1hZ2VfcHJvY2Vzc2luZy9tYXRoZW1hdGljYWxfbWV0aG9kc19pbl9zaWduYWxfYW5kX2ltYWdlX3Byb2Nlc3NpbmcvcmVmZXJlbmNlcy9tYXRoZW1hdGljYWxfaW1hZ2VfcHJvY2Vzc2luZ19icmVkaWVzX2xvcmVuei5wZGZPEQJyAAAAAAJyAAIAAAxNYWNpbnRvc2ggSEQAAAAAAAAAAAAAAAAAAADg0uXWQkQAAf////8fbWF0aGVtYXRpY2FsX2ltYWdlI0ZGRkZGRkZGLnBkZgAAAAAAAAAAAAAAAAAAAAAAAAAAAAAAAAAAAAAAAAAA/////92FJMIAAAAAAAAAAAAEAAYAAAogY3UAAAAAAAAAAAAAAAAACnJlZmVyZW5jZXMAAgCaLzpVc2Vyczpya25vdDpzY2llYm86bWF0aDppbWFnZV9wcm9jZXNzaW5nOm1hdGhlbWF0aWNhbF9tZXRob2RzX2luX3NpZ25hbF9hbmRfaW1hZ2VfcHJvY2Vzc2luZzpyZWZlcmVuY2VzOm1hdGhlbWF0aWNhbF9pbWFnZV9wcm9jZXNzaW5nX2JyZWRpZXNfbG9yZW56LnBkZgAOAGIAMABtAGEAdABoAGUAbQBhAHQAaQBjAGEAbABfAGkAbQBhAGcAZQBfAHAAcgBvAGMAZQBzAHMAaQBuAGcAXwBiAHIAZQBkAGkAZQBzAF8AbABvAHIAZQBuAHoALgBwAGQAZgAPABoADABNAGEAYwBpAG4AdABvAHMAaAAgAEgARAASAJhVc2Vycy9ya25vdC9zY2llYm8vbWF0aC9pbWFnZV9wcm9jZXNzaW5nL21hdGhlbWF0aWNhbF9tZXRob2RzX2luX3NpZ25hbF9hbmRfaW1hZ2VfcHJvY2Vzc2luZy9yZWZlcmVuY2VzL21hdGhlbWF0aWNhbF9pbWFnZV9wcm9jZXNzaW5nX2JyZWRpZXNfbG9yZW56LnBkZgATAAEvAAAVAAIADP//AAAACAANABoAJAC/AAAAAAAAAgEAAAAAAAAABQAAAAAAAAAAAAAAAAAAAzU=},
  date-added    = {2023-08-18 17:00:28 +0200},
  date-modified = {2023-08-18 17:00:47 +0200},
  doi           = {10.1007/978-3-030-01458-2},
  file          = {:Bredies2018 - Mathematical Image Processing.pdf:PDF},
}

@Book{Tao2022a,
  author        = {Terence Tao},
  publisher     = {Springer Nature Singapore},
  title         = {Analysis {II}},
  year          = {2022},
  edition       = {Fourth},
  bdsk-file-1   = {YnBsaXN0MDDSAQIDBFxyZWxhdGl2ZVBhdGhZYWxpYXNEYXRhXxA0Li4vLi4vLi4vLi4vc2NpZWJvL21hdGgvYW5hbHlzaXMvYW5hbHlzaXNfMDFfdGFvLnBkZk8RAW4AAAAAAW4AAgAADE1hY2ludG9zaCBIRAAAAAAAAAAAAAAAAAAAAODS5dZCRAAB/////xNhbmFseXNpc18wMV90YW8ucGRmAAAAAAAAAAAAAAAAAAAAAAAAAAAAAAAAAAAAAAAAAAAAAAAAAAAAAAAAAAD/////4GBTwgAAAAAAAAAAAAQABAAACiBjdQAAAAAAAAAAAAAAAAAIYW5hbHlzaXMAAgA2LzpVc2Vyczpya25vdDpzY2llYm86bWF0aDphbmFseXNpczphbmFseXNpc18wMV90YW8ucGRmAA4AKAATAGEAbgBhAGwAeQBzAGkAcwBfADAAMQBfAHQAYQBvAC4AcABkAGYADwAaAAwATQBhAGMAaQBuAHQAbwBzAGgAIABIAEQAEgA0VXNlcnMvcmtub3Qvc2NpZWJvL21hdGgvYW5hbHlzaXMvYW5hbHlzaXNfMDFfdGFvLnBkZgATAAEvAAAVAAIADP//AAAACAANABoAJABbAAAAAAAAAgEAAAAAAAAABQAAAAAAAAAAAAAAAAAAAc0=},
  date-added    = {2023-08-18 16:57:30 +0200},
  date-modified = {2023-08-18 17:24:07 +0200},
  doi           = {10.1007/978-981-19-7284-3},
  file          = {:Tao2022a - Analysis II.pdf:PDF},
}

@Book{Tao2022,
  author        = {Terence Tao},
  publisher     = {Springer Nature Singapore},
  title         = {{Analysis I}},
  year          = {2022},
  edition       = {Fourth},
  bdsk-file-1   = {YnBsaXN0MDDSAQIDBFxyZWxhdGl2ZVBhdGhZYWxpYXNEYXRhXxA0Li4vLi4vLi4vLi4vc2NpZWJvL21hdGgvYW5hbHlzaXMvYW5hbHlzaXNfMDJfdGFvLnBkZk8RAW4AAAAAAW4AAgAADE1hY2ludG9zaCBIRAAAAAAAAAAAAAAAAAAAAODS5dZCRAAB/////xNhbmFseXNpc18wMl90YW8ucGRmAAAAAAAAAAAAAAAAAAAAAAAAAAAAAAAAAAAAAAAAAAAAAAAAAAAAAAAAAAD/////4GBTzgAAAAAAAAAAAAQABAAACiBjdQAAAAAAAAAAAAAAAAAIYW5hbHlzaXMAAgA2LzpVc2Vyczpya25vdDpzY2llYm86bWF0aDphbmFseXNpczphbmFseXNpc18wMl90YW8ucGRmAA4AKAATAGEAbgBhAGwAeQBzAGkAcwBfADAAMgBfAHQAYQBvAC4AcABkAGYADwAaAAwATQBhAGMAaQBuAHQAbwBzAGgAIABIAEQAEgA0VXNlcnMvcmtub3Qvc2NpZWJvL21hdGgvYW5hbHlzaXMvYW5hbHlzaXNfMDJfdGFvLnBkZgATAAEvAAAVAAIADP//AAAACAANABoAJABbAAAAAAAAAgEAAAAAAAAABQAAAAAAAAAAAAAAAAAAAc0=},
  date-added    = {2023-08-18 16:57:16 +0200},
  date-modified = {2023-08-18 17:24:13 +0200},
  doi           = {10.1007/978-981-19-7261-4},
  file          = {:/Users/rknot/sciebo/math/analysis/Tao2022 - Analysis I.pdf:PDF},
}

@Book{Alt2016,
  author        = {Hans Wilhelm Alt},
  publisher     = {Springer London},
  title         = {{Linear Functional Analysis}},
  year          = {2016},
  bdsk-file-1   = {YnBsaXN0MDDSAQIDBFxyZWxhdGl2ZVBhdGhZYWxpYXNEYXRhXxCKLi4vLi4vLi4vLi4vc2NpZWJvL21hdGgvaW1hZ2VfcHJvY2Vzc2luZy9tYXRoZW1hdGljYWxfbWV0aG9kc19pbl9zaWduYWxfYW5kX2ltYWdlX3Byb2Nlc3NpbmcvcmVmZXJlbmNlcy9saW5lYXJfZnVuY3Rpb25hbF9hbmFseXNpc19hbHQucGRmTxECOgAAAAACOgACAAAMTWFjaW50b3NoIEhEAAAAAAAAAAAAAAAAAAAA4NLl1kJEAAH/////H2xpbmVhcl9mdW5jdGlvbmFsXyNGRkZGRkZGRi5wZGYAAAAAAAAAAAAAAAAAAAAAAAAAAAAAAAAAAAAAAAAAAP/////dhSjGAAAAAAAAAAAABAAGAAAKIGN1AAAAAAAAAAAAAAAAAApyZWZlcmVuY2VzAAIAjC86VXNlcnM6cmtub3Q6c2NpZWJvOm1hdGg6aW1hZ2VfcHJvY2Vzc2luZzptYXRoZW1hdGljYWxfbWV0aG9kc19pbl9zaWduYWxfYW5kX2ltYWdlX3Byb2Nlc3Npbmc6cmVmZXJlbmNlczpsaW5lYXJfZnVuY3Rpb25hbF9hbmFseXNpc19hbHQucGRmAA4ARgAiAGwAaQBuAGUAYQByAF8AZgB1AG4AYwB0AGkAbwBuAGEAbABfAGEAbgBhAGwAeQBzAGkAcwBfAGEAbAB0AC4AcABkAGYADwAaAAwATQBhAGMAaQBuAHQAbwBzAGgAIABIAEQAEgCKVXNlcnMvcmtub3Qvc2NpZWJvL21hdGgvaW1hZ2VfcHJvY2Vzc2luZy9tYXRoZW1hdGljYWxfbWV0aG9kc19pbl9zaWduYWxfYW5kX2ltYWdlX3Byb2Nlc3NpbmcvcmVmZXJlbmNlcy9saW5lYXJfZnVuY3Rpb25hbF9hbmFseXNpc19hbHQucGRmABMAAS8AABUAAgAM//8AAAAIAA0AGgAkALEAAAAAAAACAQAAAAAAAAAFAAAAAAAAAAAAAAAAAAAC7w==},
  date-added    = {2023-08-18 16:51:51 +0200},
  date-modified = {2023-08-18 17:00:03 +0200},
  doi           = {10.1007/978-1-4471-7280-2},
  file          = {:Alt2016 - Linear Functional Analysis.pdf:PDF},
}

@Article{Cooley1965,
  author        = {James W. Cooley and John W. Tukey},
  journal       = {Mathematics of Computation},
  title         = {{An algorithm for the machine calculation of complex Fourier series}},
  year          = {1965},
  number        = {90},
  pages         = {297--301},
  volume        = {19},
  bdsk-file-1   = {YnBsaXN0MDDSAQIDBFxyZWxhdGl2ZVBhdGhZYWxpYXNEYXRhXxA+Li4vLi4vLi4vLi4vc2NpZWJvL3RoZXNpcy9wYXBlcnMvUzAwMjUtNTcxOC0xOTY1LTAxNzg1ODYtMS5wZGZPEQGUAAAAAAGUAAIAAAxNYWNpbnRvc2ggSEQAAAAAAAAAAAAAAAAAAADg0uXWQkQAAf////8dUzAwMjUtNTcxOC0xOTY1LTAxNzg1ODYtMS5wZGYAAAAAAAAAAAAAAAAAAAAAAAAAAAAAAAAAAAAAAAAAAAAA/////+ESYsYAAAAAAAAAAAAEAAQAAAogY3UAAAAAAAAAAAAAAAAABnBhcGVycwACAEAvOlVzZXJzOnJrbm90OnNjaWVibzp0aGVzaXM6cGFwZXJzOlMwMDI1LTU3MTgtMTk2NS0wMTc4NTg2LTEucGRmAA4APAAdAFMAMAAwADIANQAtADUANwAxADgALQAxADkANgA1AC0AMAAxADcAOAA1ADgANgAtADEALgBwAGQAZgAPABoADABNAGEAYwBpAG4AdABvAHMAaAAgAEgARAASAD5Vc2Vycy9ya25vdC9zY2llYm8vdGhlc2lzL3BhcGVycy9TMDAyNS01NzE4LTE5NjUtMDE3ODU4Ni0xLnBkZgATAAEvAAAVAAIADP//AAAACAANABoAJABlAAAAAAAAAgEAAAAAAAAABQAAAAAAAAAAAAAAAAAAAf0=},
  date-modified = {2023-08-28 14:53:39 +0200},
  doi           = {10.1090/s0025-5718-1965-0178586-1},
  file          = {:Cooley1965 - An Algorithm for the Machine Calculation of Complex Fourier Series.pdf:PDF},
  publisher     = {American Mathematical Society ({AMS})},
}

@Book{Cormen2022,
  author        = {Thomas H. Cormen and Charles E. Leiserson and Ronald L. Rivest and Clifford Stein},
  publisher     = {MIT Press},
  title         = {{Introduction to Algorithms}},
  year          = {2022},
  edition       = {Fourth},
  isbn          = {9780262046305},
  bdsk-file-1   = {YnBsaXN0MDDSAQIDBFxyZWxhdGl2ZVBhdGhZYWxpYXNEYXRhXxBkLi4vLi4vLi4vLi4vc2NpZWJvL21hdGgvYWxnb3JpdGhtcy9pbnRyb2R1Y3Rpb25fdG9fYWxnb3JpdGhtc19DTFJTX2Nvcm1lbl9sZWlzZXJzb25fcml2ZXN0X3N0ZWluLnBkZk8RAiwAAAAAAiwAAgAADE1hY2ludG9zaCBIRAAAAAAAAAAAAAAAAAAAAODS5dZCRAAB/////x9pbnRyb2R1Y3Rpb25fdG9fYWwjRkZGRkZGRkYucGRmAAAAAAAAAAAAAAAAAAAAAAAAAAAAAAAAAAAAAAAAAAD/////3ufHAwAAAAAAAAAAAAQABAAACiBjdQAAAAAAAAAAAAAAAAAKYWxnb3JpdGhtcwACAGYvOlVzZXJzOnJrbm90OnNjaWVibzptYXRoOmFsZ29yaXRobXM6aW50cm9kdWN0aW9uX3RvX2FsZ29yaXRobXNfQ0xSU19jb3JtZW5fbGVpc2Vyc29uX3JpdmVzdF9zdGVpbi5wZGYADgCEAEEAaQBuAHQAcgBvAGQAdQBjAHQAaQBvAG4AXwB0AG8AXwBhAGwAZwBvAHIAaQB0AGgAbQBzAF8AQwBMAFIAUwBfAGMAbwByAG0AZQBuAF8AbABlAGkAcwBlAHIAcwBvAG4AXwByAGkAdgBlAHMAdABfAHMAdABlAGkAbgAuAHAAZABmAA8AGgAMAE0AYQBjAGkAbgB0AG8AcwBoACAASABEABIAZFVzZXJzL3Jrbm90L3NjaWViby9tYXRoL2FsZ29yaXRobXMvaW50cm9kdWN0aW9uX3RvX2FsZ29yaXRobXNfQ0xSU19jb3JtZW5fbGVpc2Vyc29uX3JpdmVzdF9zdGVpbi5wZGYAEwABLwAAFQACAAz//wAAAAgADQAaACQAiwAAAAAAAAIBAAAAAAAAAAUAAAAAAAAAAAAAAAAAAAK7},
  date-modified = {2023-08-28 15:12:53 +0200},
  file          = {:Cormen2022 - Introduction to Algorithms.pdf:PDF},
  lccn          = {2021037260},
  url           = {https://books.google.de/books?id=HOJyzgEACAAJ},
}

@Article{Frigo2005,
  author        = {Matteo Frigo and Steven G. Johnson},
  journal       = {Proceedings of the IEEE},
  title         = {{The Design and Implementation of FFTW3}},
  year          = {2005},
  number        = {2},
  pages         = {216--231},
  volume        = {93},
  bdsk-file-1   = {YnBsaXN0MDDSAQIDBFxyZWxhdGl2ZVBhdGhZYWxpYXNEYXRhXxA0Li4vLi4vLi4vLi4vc2NpZWJvL3RoZXNpcy9wYXBlcnMvZmZ0dy1wYXBlci1pZWVlLnBkZk8RAWwAAAAAAWwAAgAADE1hY2ludG9zaCBIRAAAAAAAAAAAAAAAAAAAAODS5dZCRAAB/////xNmZnR3LXBhcGVyLWllZWUucGRmAAAAAAAAAAAAAAAAAAAAAAAAAAAAAAAAAAAAAAAAAAAAAAAAAAAAAAAAAAD/////4RJhIQAAAAAAAAAAAAQABAAACiBjdQAAAAAAAAAAAAAAAAAGcGFwZXJzAAIANi86VXNlcnM6cmtub3Q6c2NpZWJvOnRoZXNpczpwYXBlcnM6ZmZ0dy1wYXBlci1pZWVlLnBkZgAOACgAEwBmAGYAdAB3AC0AcABhAHAAZQByAC0AaQBlAGUAZQAuAHAAZABmAA8AGgAMAE0AYQBjAGkAbgB0AG8AcwBoACAASABEABIANFVzZXJzL3Jrbm90L3NjaWViby90aGVzaXMvcGFwZXJzL2ZmdHctcGFwZXItaWVlZS5wZGYAEwABLwAAFQACAAz//wAAAAgADQAaACQAWwAAAAAAAAIBAAAAAAAAAAUAAAAAAAAAAAAAAAAAAAHL},
  date-modified = {2023-08-28 15:17:03 +0200},
  doi           = {10.1109/JPROC.2004.840301},
  file          = {:Frigo2005 - The Design and Implementation of FFTW3.pdf:PDF},
}

@Article{Oppenheim1981,
  author      = {Alan Victor Oppenheim and Jae S. Lim},
  journal     = {Proceedings of the IEEE},
  title       = {{The importance of phase in signals}},
  year        = {1981},
  number      = {5},
  pages       = {529--541},
  volume      = {69},
  bdsk-file-1 = {YnBsaXN0MDDSAQIDBFxyZWxhdGl2ZVBhdGhZYWxpYXNEYXRhXxBHLi4vLi4vLi4vLi4vc2NpZWJvL3RoZXNpcy9wYXBlcnMvVGhlX2ltcG9ydGFuY2Vfb2ZfcGhhc2VfaW5fc2lnbmFscy5wZGZPEQG6AAAAAAG6AAIAAAxNYWNpbnRvc2ggSEQAAAAAAAAAAAAAAAAAAADg0uXWQkQAAf////8fVGhlX2ltcG9ydGFuY2Vfb2ZfI0ZGRkZGRkZGLnBkZgAAAAAAAAAAAAAAAAAAAAAAAAAAAAAAAAAAAAAAAAAA/////+ETwJ4AAAAAAAAAAAAEAAQAAAogY3UAAAAAAAAAAAAAAAAABnBhcGVycwACAEkvOlVzZXJzOnJrbm90OnNjaWVibzp0aGVzaXM6cGFwZXJzOlRoZV9pbXBvcnRhbmNlX29mX3BoYXNlX2luX3NpZ25hbHMucGRmAAAOAE4AJgBUAGgAZQBfAGkAbQBwAG8AcgB0AGEAbgBjAGUAXwBvAGYAXwBwAGgAYQBzAGUAXwBpAG4AXwBzAGkAZwBuAGEAbABzAC4AcABkAGYADwAaAAwATQBhAGMAaQBuAHQAbwBzAGgAIABIAEQAEgBHVXNlcnMvcmtub3Qvc2NpZWJvL3RoZXNpcy9wYXBlcnMvVGhlX2ltcG9ydGFuY2Vfb2ZfcGhhc2VfaW5fc2lnbmFscy5wZGYAABMAAS8AABUAAgAM//8AAAAIAA0AGgAkAG4AAAAAAAACAQAAAAAAAAAFAAAAAAAAAAAAAAAAAAACLA==},
  doi         = {10.1109/PROC.1981.12022},
  file        = {:Oppenheim1981 - The Importance of Phase in Signals.pdf:PDF},
}

@Article{Shechtman2015,
  author        = {Shechtman, Yoav and Eldar, Yonina C. and Cohen, Oren and Chapman, Henry Nicholas and Miao, Jianwei and Segev, Mordechai},
  journal       = {IEEE Signal Processing Magazine},
  title         = {{Phase Retrieval with Application to Optical Imaging: A contemporary overview}},
  year          = {2015},
  number        = {3},
  pages         = {87--109},
  volume        = {32},
  bdsk-file-1   = {YnBsaXN0MDDSAQIDBFxyZWxhdGl2ZVBhdGhZYWxpYXNEYXRhXxBwLi4vLi4vLi4vLi4vc2NpZWJvL3RoZXNpcy9wYXBlcnMvUGhhc2VfUmV0cmlldmFsX3dpdGhfQXBwbGljYXRpb25fdG9fT3B0aWNhbF9JbWFnaW5nX0FfY29udGVtcG9yYXJ5X292ZXJ2aWV3LnBkZk8RAlwAAAAAAlwAAgAADE1hY2ludG9zaCBIRAAAAAAAAAAAAAAAAAAAAODS5dZCRAAB/////x9QaGFzZV9SZXRyaWV2YWxfd2kjRkZGRkZGRkYucGRmAAAAAAAAAAAAAAAAAAAAAAAAAAAAAAAAAAAAAAAAAAD/////4RPBLAAAAAAAAAAAAAQABAAACiBjdQAAAAAAAAAAAAAAAAAGcGFwZXJzAAIAci86VXNlcnM6cmtub3Q6c2NpZWJvOnRoZXNpczpwYXBlcnM6UGhhc2VfUmV0cmlldmFsX3dpdGhfQXBwbGljYXRpb25fdG9fT3B0aWNhbF9JbWFnaW5nX0FfY29udGVtcG9yYXJ5X292ZXJ2aWV3LnBkZgAOAKAATwBQAGgAYQBzAGUAXwBSAGUAdAByAGkAZQB2AGEAbABfAHcAaQB0AGgAXwBBAHAAcABsAGkAYwBhAHQAaQBvAG4AXwB0AG8AXwBPAHAAdABpAGMAYQBsAF8ASQBtAGEAZwBpAG4AZwBfAEEAXwBjAG8AbgB0AGUAbQBwAG8AcgBhAHIAeQBfAG8AdgBlAHIAdgBpAGUAdwAuAHAAZABmAA8AGgAMAE0AYQBjAGkAbgB0AG8AcwBoACAASABEABIAcFVzZXJzL3Jrbm90L3NjaWViby90aGVzaXMvcGFwZXJzL1BoYXNlX1JldHJpZXZhbF93aXRoX0FwcGxpY2F0aW9uX3RvX09wdGljYWxfSW1hZ2luZ19BX2NvbnRlbXBvcmFyeV9vdmVydmlldy5wZGYAEwABLwAAFQACAAz//wAAAAgADQAaACQAlwAAAAAAAAIBAAAAAAAAAAUAAAAAAAAAAAAAAAAAAAL3},
  date-modified = {2023-08-29 15:39:07 +0200},
  doi           = {10.1109/MSP.2014.2352673},
  file          = {:Shechtman2015 - Phase Retrieval with Application to Optical Imaging_ a Contemporary Overview.pdf:PDF},
}

@Book{Shores2018,
  author    = {Thomas S. Shores},
  publisher = {Springer International Publishing},
  title     = {{Applied Linear Algebra and Matrix Analysis}},
  year      = {2018},
  doi       = {10.1007/978-3-319-74748-4},
  file      = {:Shores2018 - Applied Linear Algebra and Matrix Analysis.pdf:PDF},
}

@Book{Simmonds1994,
  author    = {James G. Simmonds},
  publisher = {Springer New York},
  title     = {{A Brief on Tensor Analysis}},
  year      = {1994},
  doi       = {10.1007/978-1-4419-8522-4},
  file      = {:Simmonds1994 - A Brief on Tensor Analysis.pdf:PDF},
}

@Book{Curtis1984,
  author    = {Charles W. Curtis},
  publisher = {Springer New York},
  title     = {{Linear Algebra}},
  year      = {1984},
  doi       = {10.1007/978-1-4612-1136-5},
  file      = {:Curtis1984 - Linear Algebra.pdf:PDF},
}

@Book{Petersen2012,
  author    = {Peter Petersen},
  publisher = {Springer New York},
  title     = {{Linear Algebra}},
  year      = {2012},
  doi       = {10.1007/978-1-4614-3612-6},
  file      = {:Petersen2012 - Linear Algebra.pdf:PDF},
}

@Book{Smith1998,
  author    = {Larry Smith},
  publisher = {Springer New York},
  title     = {{Linear Algebra}},
  year      = {1998},
  doi       = {10.1007/978-1-4612-1670-4},
  file      = {:Smith1998 - Linear Algebra.pdf:PDF},
}

@Book{Banchoff1983,
  author    = {Thomas Banchoff and John Wermer},
  publisher = {Springer New York, NY},
  title     = {{Linear Algebra Through Geometry}},
  year      = {1983},
  doi       = {10.1007/978-1-4684-0161-5},
  file      = {:/Users/rknot/sciebo/math/undergraduate_text_in_mathematics/linear_algebra/Banchoff1983 - Linear Algebra through Geometry.pdf:PDF},
}

@Book{Valenza1993,
  author    = {Robert J. Valenza},
  publisher = {Springer New York},
  title     = {{Linear Algebra}},
  year      = {1993},
  doi       = {10.1007/978-1-4612-0901-0},
  file      = {:Valenza1993 - Linear Algebra.pdf:PDF},
}

@Book{Kottwitz2015,
  author    = {Stefan Kottwitz},
  publisher = {Packt Publishing},
  title     = {{\LaTeX\space Cookbook}},
  year      = {2015},
  file      = {:Kottwitz2015 - Cookbook.pdf:PDF},
  url       = {https://www.oreilly.com/library/view/latex-cookbook/9781784395148/},
}

@Book{Abrahams2020,
  author = {Paul Abrahams and Kathryn Hargreaves and Karl Berry},
  title  = {{\TeX\space for the Impatient}},
  year   = {2020},
  file   = {:Abrahams2020 - For the Impatient.pdf:PDF},
  url    = {http://tug.ctan.org/info/impatient/book.pdf},
}

@Book{Eijkhout2007,
  author = {Victor Eijkhout},
  title  = {{\TeX\space by Topic, A \TeX-nician's Reference}},
  year   = {2007},
  file   = {:Eijkhout2007 - By Topic, a Nician's Reference.pdf:PDF},
  url    = {https://github.com/VictorEijkhout/tex-by-topic},
}

@Book{Eijkhout2012,
  author = {Victor Eijkhout},
  title  = {{The Computer Science of \TeX\space and \LaTeX}},
  year   = {2012},
  file   = {:Eijkhout2012 - The Computer Science of and _.pdf:PDF},
  url    = {https://zenodo.org/record/49901/files/TeXLaTeXcourse.pdf},
}

@Misc{JabRef2023,
  author = {{The JabRef team}},
  month  = nov,
  title  = {{JabRef}},
  year   = {2023},
  url    = {https://www.jabref.org/},
}

@Misc{ProjectTeam2023,
  author = {{\LaTeX\space Project Team}},
  month  = jun,
  title  = {{\LaTeX}},
  year   = {2023},
  url    = {https://www.latex-project.org/},
}

@Article{Huang1975,
  author  = {Huang, T. and Burnett, J. and Deczky, A.},
  journal = {IEEE Transactions on Acoustics, Speech, and Signal Processing},
  title   = {The importance of phase in image processing filters},
  year    = {1975},
  number  = {6},
  pages   = {529--542},
  volume  = {23},
  doi     = {10.1109/TASSP.1975.1162738},
  file    = {:Huang1975 - The Importance of Phase in Image Processing Filters.pdf:PDF},
}

@InProceedings{Oppenheim1979,
  author    = {Alan Victor Oppenheim and Jae Lim and Gary Edward Kopec and Stephen Pohlig},
  booktitle = {ICASSP '79. IEEE International Conference on Acoustics, Speech, and Signal Processing},
  title     = {Phase in speech and pictures},
  year      = {1979},
  pages     = {632--637},
  volume    = {4},
  doi       = {10.1109/ICASSP.1979.1170798},
  file      = {:Oppenheim1979 - Phase in Speech and Pictures.pdf:PDF},
}

@Article{Hayes1980,
  author  = {Monson Hayes and Jae Lim and Alan Victor Oppenheim},
  journal = {IEEE Transactions on Acoustics, Speech, and Signal Processing},
  title   = {Signal reconstruction from phase or magnitude},
  year    = {1980},
  number  = {6},
  pages   = {672--680},
  volume  = {28},
  doi     = {10.1109/TASSP.1980.1163463},
  file    = {:Hayes1980 - Signal Reconstruction from Phase or Magnitude.pdf:PDF},
}

@Misc{Candes2011,
  author    = {Candes, Emmanuel J. and Eldar, Yonina and Strohmer, Thomas and Voroninski, Vlad},
  title     = {{Phase Retrieval via Matrix Completion}},
  year      = {2011},
  copyright = {arXiv.org perpetual, non-exclusive license},
  doi       = {10.48550/ARXIV.1109.0573},
  file      = {:Candes2011 - Phase Retrieval Via Matrix Completion.pdf:PDF},
  keywords  = {Information Theory (cs.IT), Numerical Analysis (math.NA), FOS: Computer and information sciences, FOS: Computer and information sciences, FOS: Mathematics, FOS: Mathematics},
  publisher = {arXiv},
}

@Misc{Daubechies2003,
  author    = {Daubechies, Ingrid and Defrise, Michel and De Mol, Christine},
  title     = {An iterative thresholding algorithm for linear inverse problems with a sparsity constraint},
  year      = {2003},
  copyright = {Assumed arXiv.org perpetual, non-exclusive license to distribute this article for submissions made before January 2004},
  doi       = {10.48550/ARXIV.MATH/0307152},
  file      = {:Daubechies2003 - An Iterative Thresholding Algorithm for Linear Inverse Problems with a Sparsity Constraint.pdf:PDF},
  keywords  = {Functional Analysis (math.FA), Numerical Analysis (math.NA), FOS: Mathematics, FOS: Mathematics},
  publisher = {arXiv},
}

@InProceedings{Beck2009,
  author    = {Amir Beck and Marc Teboulle},
  booktitle = {2009 {IEEE} International Conference on Acoustics, Speech and Signal Processing},
  title     = {{A fast Iterative Shrinkage-Thresholding Algorithm with application to wavelet-based image deblurring}},
  year      = {2009},
  month     = apr,
  publisher = {{IEEE}},
  doi       = {10.1109/icassp.2009.4959678},
  file      = {:Beck2009 - A Fast Iterative Shrinkage Thresholding Algorithm with Application to Wavelet Based Image Deblurring.pdf:PDF},
}

@InProceedings{Gregor2010,
  author    = {Gregor, Karol and LeCun, Yann},
  booktitle = {Proceedings of the 27th International Conference on International Conference on Machine Learning},
  title     = {{Learning Fast Approximations of Sparse Coding}},
  year      = {2010},
  address   = {Madison, WI, USA},
  pages     = {399--406},
  publisher = {Omnipress},
  series    = {ICML'10},
  abstract  = {In Sparse Coding (SC), input vectors are reconstructed using a sparse linear combination of basis vectors. SC has become a popular method for extracting features from data. For a given input, SC minimizes a quadratic reconstruction error with an L1 penalty term on the code. The process is often too slow for applications such as real-time pattern recognition. We proposed two versions of a very fast algorithm that produces approximate estimates of the sparse code that can be used to compute good visual features, or to initialize exact iterative algorithms. The main idea is to train a non-linear, feed-forward predictor with a specific architecture and a fixed depth to produce the best possible approximation of the sparse code. A version of the method, which can be seen as a trainable version of Li and Osher's coordinate descent method, is shown to produce approximate solutions with 10 times less computation than Li and Os-her's for the same approximation error. Unlike previous proposals for sparse code predictors, the system allows a kind of approximate "explaining away" to take place during inference. The resulting predictor is differentiable and can be included into globally-trained recognition systems.},
  file      = {:Gregor2010 - Learning Fast Approximations of Sparse Coding.pdf:PDF},
  isbn      = {9781605589077},
  numpages  = {8},
}

@Misc{Aberdam2020,
  author    = {Aberdam, Aviad and Golts, Alona and Elad, Michael},
  title     = {{Ada-LISTA: Learned Solvers Adaptive to Varying Models}},
  year      = {2020},
  copyright = {arXiv.org perpetual, non-exclusive license},
  doi       = {10.48550/ARXIV.2001.08456},
  file      = {:Aberdam2020 - Ada LISTA_ Learned Solvers Adaptive to Varying Models.pdf:PDF},
  keywords  = {Machine Learning (cs.LG), Computer Vision and Pattern Recognition (cs.CV), Machine Learning (stat.ML), FOS: Computer and information sciences, FOS: Computer and information sciences},
  publisher = {arXiv},
}

@Article{LeCun2015,
  author    = {Yann LeCun and Yoshua Bengio and Geoffrey Hinton},
  journal   = {Nature},
  title     = {Deep learning},
  year      = {2015},
  month     = may,
  number    = {7553},
  pages     = {436--444},
  volume    = {521},
  doi       = {10.1038/nature14539},
  file      = {:LeCun2015 - Deep Learning.pdf:PDF},
  publisher = {Springer Science and Business Media {LLC}},
}

@Misc{Higham2018,
  author    = {Higham, Catherine F. and Higham, Desmond J.},
  title     = {{Deep Learning: An Introduction for Applied Mathematicians}},
  year      = {2018},
  copyright = {arXiv.org perpetual, non-exclusive license},
  doi       = {10.48550/ARXIV.1801.05894},
  file      = {:Higham2018 - Deep Learning_ an Introduction for Applied Mathematicians.pdf:PDF},
  keywords  = {History and Overview (math.HO), Machine Learning (cs.LG), Numerical Analysis (math.NA), Machine Learning (stat.ML), FOS: Mathematics, FOS: Mathematics, FOS: Computer and information sciences, FOS: Computer and information sciences, G.1.6; I.2.10; I.2.0; I.2.6, 97R40, 68T01, 65K10, 62M45},
  publisher = {arXiv},
}

@Book{Hutter2019,
  editor    = {Frank Hutter and Lars Kotthoff and Joaquin Vanschoren},
  publisher = {Springer International Publishing},
  title     = {{Automated Machine Learning}},
  year      = {2019},
  doi       = {10.1007/978-3-030-05318-5},
  file      = {:Hutter2019 - Automated Machine Learning.pdf:PDF},
}

@Misc{Akiba2019,
  author    = {Akiba, Takuya and Sano, Shotaro and Yanase, Toshihiko and Ohta, Takeru and Koyama, Masanori},
  title     = {{Optuna: A Next-generation Hyperparameter Optimization Framework}},
  year      = {2019},
  copyright = {arXiv.org perpetual, non-exclusive license},
  doi       = {10.48550/ARXIV.1907.10902},
  file      = {:Akiba2019 - Optuna_ a Next Generation Hyperparameter Optimization Framework.pdf:PDF},
  keywords  = {Machine Learning (cs.LG), Machine Learning (stat.ML), FOS: Computer and information sciences, FOS: Computer and information sciences},
  publisher = {arXiv},
}

@Misc{Sun2019,
  author    = {Sun, Shiliang and Cao, Zehui and Zhu, Han and Zhao, Jing},
  title     = {{A Survey of Optimization Methods from a Machine Learning Perspective}},
  year      = {2019},
  copyright = {arXiv.org perpetual, non-exclusive license},
  doi       = {10.48550/ARXIV.1906.06821},
  file      = {:Sun2019 - A Survey of Optimization Methods from a Machine Learning Perspective.pdf:PDF},
  keywords  = {Machine Learning (cs.LG), Optimization and Control (math.OC), Machine Learning (stat.ML), FOS: Computer and information sciences, FOS: Computer and information sciences, FOS: Mathematics, FOS: Mathematics},
  publisher = {arXiv},
}

@Misc{Jaganathan2015,
  author    = {Jaganathan, Kishore and Eldar, Yonina C. and Hassibi, Babak},
  title     = {{Phase Retrieval: An Overview of Recent Developments}},
  year      = {2015},
  copyright = {arXiv.org perpetual, non-exclusive license},
  doi       = {10.48550/ARXIV.1510.07713},
  file      = {:Jaganathan2015 - Phase Retrieval_ an Overview of Recent Developments.pdf:PDF},
  keywords  = {Information Theory (cs.IT), FOS: Computer and information sciences, FOS: Computer and information sciences},
  publisher = {arXiv},
}

@Misc{Fogel2013,
  author    = {Fogel, Fajwel and Waldspurger, Ir\`ene and d'Aspremont, Alexandre},
  title     = {Phase retrieval for imaging problems},
  year      = {2013},
  copyright = {arXiv.org perpetual, non-exclusive license},
  doi       = {10.48550/ARXIV.1304.7735},
  file      = {:Fogel2013 - Phase Retrieval for Imaging Problems.pdf:PDF},
  keywords  = {Optimization and Control (math.OC), FOS: Mathematics, FOS: Mathematics, 94A12, 90C22, 90C27},
  publisher = {arXiv},
}

@Article{Fienup1982,
  author    = {J. R. Fienup},
  journal   = {Applied Optics},
  title     = {Phase retrieval algorithms: a comparison},
  year      = {1982},
  month     = aug,
  number    = {15},
  pages     = {2758},
  volume    = {21},
  doi       = {10.1364/ao.21.002758},
  file      = {:Fienup1982 - Phase Retrieval Algorithms_ a Comparison.pdf:PDF},
  publisher = {The Optical Society},
}

@Article{Gross2017,
  author    = {D. Gross and F. Krahmer and R. Kueng},
  journal   = {Applied and Computational Harmonic Analysis},
  title     = {Improved recovery guarantees for phase retrieval from coded diffraction patterns},
  year      = {2017},
  month     = jan,
  number    = {1},
  pages     = {37--64},
  volume    = {42},
  doi       = {10.1016/j.acha.2015.05.004},
  file      = {:Gross2017 - Improved Recovery Guarantees for Phase Retrieval from Coded Diffraction Patterns.pdf:PDF},
  publisher = {Elsevier {BV}},
}

@Article{Gerchberg1972,
  author  = {R. W. Gerchberg and W. O. Saxton},
  journal = {Optik},
  title   = {{A Practical Algorithm for the Determination of Phase from Image and Diffraction Plane Pictures}},
  year    = {1972},
  month   = nov,
  pages   = {237--246},
  volume  = {35},
  file    = {:Gerchberg1972 - A Practical Algorithm for the Determination of Phase from Image and Diffraction Plane Pictures.pdf:PDF},
  url     = {https://www.semanticscholar.org/paper/A-practical-algorithm-for-the-determination-of-from-Gerchberg/5a114d3050a0a33f8cc6d28d55fa048a5a7ab6f2},
}

@InCollection{Rodenburg2008,
  author    = {John M. Rodenburg},
  booktitle = {Advances in Imaging and Electron Physics},
  publisher = {Elsevier},
  title     = {{Ptychography and Related Diffractive Imaging Methods}},
  year      = {2008},
  pages     = {87--184},
  doi       = {10.1016/s1076-5670(07)00003-1},
  file      = {:Rodenburg2008 - Ptychography and Related Diffractive Imaging Methods.pdf:PDF},
}

@Article{Thibault2009,
  author    = {Pierre Thibault and Martin Dierolf and Oliver Bunk and Andreas Menzel and Franz Pfeiffer},
  journal   = {Ultramicroscopy},
  title     = {Probe retrieval in ptychographic coherent diffractive imaging},
  year      = {2009},
  month     = mar,
  number    = {4},
  pages     = {338--343},
  volume    = {109},
  doi       = {10.1016/j.ultramic.2008.12.011},
  file      = {:Thibault2009 - Probe Retrieval in Ptychographic Coherent Diffractive Imaging.pdf:PDF},
  publisher = {Elsevier {BV}},
}

@Book{Loewen2018,
  author    = {Erwin G. Loewen and Evgeny Popov},
  publisher = {{CRC} Press},
  title     = {{Diffraction Gratings and Applications}},
  year      = {2018},
  month     = oct,
  doi       = {10.1201/9781315214849},
  file      = {:Loewen2018 - Diffraction Gratings and Applications.djvu:Djvu},
}

@Misc{Naimipour2020,
  author    = {Naimipour, Naveed and Khobahi, Shahin and Soltanalian, Mojtaba},
  title     = {{Unfolded Algorithms for Deep Phase Retrieval}},
  year      = {2020},
  copyright = {arXiv.org perpetual, non-exclusive license},
  doi       = {10.48550/ARXIV.2012.11102},
  file      = {:Naimipour2020 - Unfolded Algorithms for Deep Phase Retrieval.pdf:PDF},
  keywords  = {Machine Learning (stat.ML), Machine Learning (cs.LG), FOS: Computer and information sciences, FOS: Computer and information sciences},
  publisher = {arXiv},
}

@Misc{Naimipour2020a,
  author    = {Naimipour, Naveed and Khobahi, Shahin and Solt, Mojtaba},
  title     = {{UPR: A Model-Driven Architecture for Deep Phase Retrieval}},
  year      = {2020},
  copyright = {arXiv.org perpetual, non-exclusive license},
  doi       = {10.48550/ARXIV.2003.04396},
  file      = {:Naimipour2020a - UPR_ a Model Driven Architecture for Deep Phase Retrieval.pdf:PDF},
  keywords  = {Signal Processing (eess.SP), Machine Learning (cs.LG), Optimization and Control (math.OC), Machine Learning (stat.ML), FOS: Electrical engineering, electronic engineering, information engineering, FOS: Electrical engineering, electronic engineering, information engineering, FOS: Computer and information sciences, FOS: Computer and information sciences, FOS: Mathematics, FOS: Mathematics},
  publisher = {arXiv},
}

@Misc{Monga2019,
  author    = {Monga, Vishal and Li, Yuelong and Eldar, Yonina C.},
  title     = {{Algorithm Unrolling: Interpretable, Efficient Deep Learning for Signal and Image Processing}},
  year      = {2019},
  copyright = {arXiv.org perpetual, non-exclusive license},
  doi       = {10.48550/ARXIV.1912.10557},
  file      = {:Monga2019 - Algorithm Unrolling_ Interpretable, Efficient Deep Learning for Signal and Image Processing.pdf:PDF},
  keywords  = {Image and Video Processing (eess.IV), Computer Vision and Pattern Recognition (cs.CV), Machine Learning (cs.LG), Signal Processing (eess.SP), FOS: Electrical engineering, electronic engineering, information engineering, FOS: Electrical engineering, electronic engineering, information engineering, FOS: Computer and information sciences, FOS: Computer and information sciences},
  publisher = {arXiv},
}

@Article{Miao2008,
  author    = {Jianwei Miao and Tetsuya Ishikawa and Qun Shen and Thomas Earnest},
  journal   = {Annual Review of Physical Chemistry},
  title     = {{Extending X-Ray Crystallography to Allow the Imaging of Noncrystalline Materials, Cells, and Single Protein Complexes}},
  year      = {2008},
  month     = may,
  number    = {1},
  pages     = {387--410},
  volume    = {59},
  doi       = {10.1146/annurev.physchem.59.032607.093642},
  file      = {:Miao2008 - Extending X Ray Crystallography to Allow the Imaging of Noncrystalline Materials, Cells, and Single Protein Complexes.pdf:PDF},
  publisher = {Annual Reviews},
}

@Article{Chai2010,
  author    = {Anwei Chai and Miguel Moscoso and George Papanicolaou},
  journal   = {Inverse Problems},
  title     = {Array imaging using intensity-only measurements},
  year      = {2010},
  month     = dec,
  number    = {1},
  pages     = {015005},
  volume    = {27},
  doi       = {10.1088/0266-5611/27/1/015005},
  file      = {:Chai2010 - Array Imaging Using Intensity Only Measurements.pdf:PDF},
  publisher = {{IOP} Publishing},
}

@Misc{Candes2011a,
  author    = {Candes, Emmanuel J. and Strohmer, Thomas and Voroninski, Vladislav},
  title     = {{PhaseLift: Exact and Stable Signal Recovery from Magnitude Measurements via Convex Programming}},
  year      = {2011},
  copyright = {arXiv.org perpetual, non-exclusive license},
  doi       = {10.48550/ARXIV.1109.4499},
  file      = {:Candes2011a - PhaseLift_ Exact and Stable Signal Recovery from Magnitude Measurements Via Convex Programming.pdf:PDF},
  keywords  = {Information Theory (cs.IT), Numerical Analysis (math.NA), FOS: Computer and information sciences, FOS: Computer and information sciences, FOS: Mathematics, FOS: Mathematics},
  publisher = {arXiv},
}

@Misc{Marriott2022,
  author = {Nicholas Marriott},
  month  = jun,
  title  = {Tmux},
  year   = {2022},
  file   = {:Marriott2022 - Tmux.pdf:PDF},
  url    = {https://github.com/tmux},
}

@Misc{Wilm2023,
  author = {Joe Wilm},
  month  = jul,
  title  = {Alacritty},
  year   = {2023},
  url    = {https://github.com/alacritty},
}

@Misc{MicrosoftCorporation2023,
  author = {{Microsoft Corporation}},
  month  = jul,
  title  = {{Visual Studio Code}},
  year   = {2023},
  url    = {https://code.visualstudio.com/},
}

@Misc{LBT2023,
  author = {{Linus Benedict Torvalds}},
  month  = aug,
  title  = {Linux},
  year   = {2023},
  url    = {https://github.com/torvalds/linux},
}

@Misc{Apple2023,
  author = {{Apple Inc.}},
  month  = aug,
  title  = {{macOS Ventura}},
  year   = {2023},
  url    = {https://www.apple.com/macos/ventura/},
}

@Misc{JCI2023,
  author = {{John Cristy and ImageMagick team}},
  month  = jun,
  title  = {{ImageMagick}},
  year   = {2023},
  file   = {:JCI2023 - ImageMagick.pdf:PDF},
  url    = {https://imagemagick.org/},
}

@Misc{FBF2023,
  author = {{Fabrice Bellard and FFmpeg team}},
  month  = feb,
  title  = {{FFmpeg}},
  year   = {2023},
  url    = {https://ffmpeg.org/},
}

@Book{Chung2003,
  author    = {Kai Lai Chung and Farid AitSahlia},
  publisher = {Springer New York},
  title     = {{Elementary Probability Theory}},
  year      = {2003},
  doi       = {10.1007/978-0-387-21548-8},
  file      = {:Chung2003 - Elementary Probability Theory.pdf:PDF},
}

@Book{DasGupta2011,
  author    = {Anirban DasGupta},
  publisher = {Springer New York},
  title     = {{Probability for Statistics and Machine Learning}},
  year      = {2011},
  doi       = {10.1007/978-1-4419-9634-3},
  file      = {:DasGupta2011 - Probability for Statistics and Machine Learning.pdf:PDF},
}

@Book{Trefethen2022,
  author    = {Lloyd N. Trefethen and David Bau},
  publisher = {Society for Industrial and Applied Mathematics},
  title     = {{Numerical Linear Algebra, Twenty-fifth Anniversary Edition}},
  year      = {2022},
  month     = jan,
  doi       = {10.1137/1.9781611977165},
  file      = {:Trefethen2022 - Numerical Linear Algebra, Twenty Fifth Anniversary Edition.pdf:PDF},
}

@Book{Demmel1997,
  author    = {James W. Demmel},
  publisher = {Society for Industrial and Applied Mathematics},
  title     = {{Applied Numerical Linear Algebra}},
  year      = {1997},
  month     = jan,
  doi       = {10.1137/1.9781611971446},
  file      = {:Demmel1997 - Applied Numerical Linear Algebra.pdf:PDF},
}

@Book{Golub2013,
  author    = {Gene Golub},
  publisher = {Johns Hopkins University Press},
  title     = {{Matrix Computations}},
  year      = {2013},
  doi       = {10.56021/9781421407944},
  file      = {:Golub2013 - Matrix Computations.pdf:PDF},
}

@Book{Hager2010,
  author    = {Georg Hager and Gerhard Wellein},
  publisher = {{CRC} Press},
  title     = {{Introduction to High Performance Computing for Scientists and Engineers}},
  year      = {2010},
  month     = jul,
  doi       = {10.1201/ebk1439811924},
  file      = {:Hager2010 - Introduction to High Performance Computing for Scientists and Engineers.pdf:PDF},
}

@Book{Patterson2014,
  author    = {David A. Patterson and John L. Hennessy},
  publisher = {Morgan Kaufmann},
  title     = {{Computer Organization and Design}},
  year      = {2014},
  edition   = {Fifth},
  file      = {:Patterson2014 - Computer Organization and Design.pdf:PDF},
  url       = {https://theswissbay.ch/pdf/Books/Computer science/Computer Organization and Design- The HW_SW Inteface 5th edition - David A. Patterson & John L. Hennessy.pdf},
}

@Book{Hennessy2019,
  author    = {John L. Hennessy and David A. Patterson},
  publisher = {Morgan Kaufmann},
  title     = {{Computer Architecture: A Quantitative Approach}},
  year      = {2019},
  edition   = {Sixth},
  file      = {:Hennessy2019 - Computer Architecture_ a Quantitative Approach.pdf:PDF},
  url       = {https://shop.elsevier.com/books/computer-architecture/hennessy/978-0-12-811905-1},
}

@Misc{Nvidia,
  author = {Nvidia},
  title  = {{Compute Unified Device Architecture(CUDA)}},
  file   = {:Nvidia - Compute Unified Device Architecture(CUDA).pdf:PDF},
  url    = {https://developer.nvidia.com/cuda-zone},
}

@Book{Naumann2011,
  author    = {Uwe Naumann},
  publisher = {Society for Industrial and Applied Mathematics},
  title     = {{The Art of Differentiating Computer Programs}},
  year      = {2011},
  month     = jan,
  doi       = {10.1137/1.9781611972078},
  file      = {:Naumann2011 - The Art of Differentiating Computer Programs.pdf:PDF},
}

@Book{Griewank2008,
  author    = {Andreas Griewank and Andrea Walther},
  publisher = {Society for Industrial and Applied Mathematics},
  title     = {{Evaluating Derivatives}},
  year      = {2008},
  month     = jan,
  doi       = {10.1137/1.9780898717761},
  file      = {:Griewank2008 - Evaluating Derivatives.pdf:PDF},
}

@Misc{Chollet2023,
  author = {Fran\c{c}ois Chollet},
  month  = sep,
  title  = {Keras},
  year   = {2023},
  url    = {https://keras.io/},
}

@Article{Krizhevsky2017,
  author    = {Alex Krizhevsky and Ilya Sutskever and Geoffrey E. Hinton},
  journal   = {Communications of the {ACM}},
  title     = {{ImageNet} classification with deep convolutional neural networks},
  year      = {2017},
  month     = may,
  number    = {6},
  pages     = {84--90},
  volume    = {60},
  doi       = {10.1145/3065386},
  file      = {:Krizhevsky2017 - ImageNet Classification with Deep Convolutional Neural Networks.pdf:PDF},
  publisher = {Association for Computing Machinery ({ACM})},
}

@Misc{SVLL,
  author = {{Stanford Vision and Learning Lab}},
  title  = {{ImageNet Large Scale Visual Recognition Challenge (ILSVRC)}},
  url    = {https://www.image-net.org/challenges/LSVRC/},
}

@Misc{Szegedy2014,
  author    = {Szegedy, Christian and Liu, Wei and Jia, Yangqing and Sermanet, Pierre and Reed, Scott and Anguelov, Dragomir and Erhan, Dumitru and Vanhoucke, Vincent and Rabinovich, Andrew},
  title     = {{Going Deeper with Convolutions}},
  year      = {2014},
  copyright = {arXiv.org perpetual, non-exclusive license},
  doi       = {10.48550/ARXIV.1409.4842},
  file      = {:Szegedy2014 - Going Deeper with Convolutions.pdf:PDF},
  keywords  = {Computer Vision and Pattern Recognition (cs.CV), FOS: Computer and information sciences, FOS: Computer and information sciences},
  publisher = {arXiv},
}

@Misc{He2015,
  author    = {He, Kaiming and Zhang, Xiangyu and Ren, Shaoqing and Sun, Jian},
  title     = {{Deep Residual Learning for Image Recognition}},
  year      = {2015},
  copyright = {arXiv.org perpetual, non-exclusive license},
  doi       = {10.48550/ARXIV.1512.03385},
  file      = {:He2015 - Deep Residual Learning for Image Recognition.pdf:PDF},
  keywords  = {Computer Vision and Pattern Recognition (cs.CV), FOS: Computer and information sciences, FOS: Computer and information sciences},
  publisher = {arXiv},
}

@Misc{Simonyan2014,
  author    = {Simonyan, Karen and Zisserman, Andrew},
  title     = {{Very Deep Convolutional Networks for Large-Scale Image Recognition}},
  year      = {2014},
  copyright = {arXiv.org perpetual, non-exclusive license},
  doi       = {10.48550/ARXIV.1409.1556},
  file      = {:Simonyan2014 - Very Deep Convolutional Networks for Large Scale Image Recognition.pdf:PDF},
  keywords  = {Computer Vision and Pattern Recognition (cs.CV), FOS: Computer and information sciences, FOS: Computer and information sciences},
  publisher = {arXiv},
}

@Misc{Meuer,
  author = {Hans Werner Meuer and Erich Strohmaier and Jack Dongarra and Horst Simon and Martin Meuer},
  title  = {https://www.top500.org},
  url    = {https://www.top500.org},
}

@Article{Rawat2017,
  author    = {Waseem Rawat and Zenghui Wang},
  journal   = {Neural Computation},
  title     = {{Deep Convolutional Neural Networks for Image Classification: A Comprehensive Review}},
  year      = {2017},
  month     = sep,
  number    = {9},
  pages     = {2352--2449},
  volume    = {29},
  doi       = {10.1162/neco_a_00990},
  file      = {:Rawat2017 - Deep Convolutional Neural Networks for Image Classification_ a Comprehensive Review.pdf:PDF},
  publisher = {{MIT} Press - Journals},
}

@Article{Luo2021,
  author    = {Wenhan Luo and Junliang Xing and Anton Milan and Xiaoqin Zhang and Wei Liu and Tae-Kyun Kim},
  journal   = {Artificial Intelligence},
  title     = {Multiple object tracking: A literature review},
  year      = {2021},
  month     = apr,
  pages     = {103448},
  volume    = {293},
  doi       = {10.1016/j.artint.2020.103448},
  file      = {:Luo2021 - Multiple Object Tracking_ a Literature Review.pdf:PDF},
  publisher = {Elsevier {BV}},
}

@Book{Bishop2006,
  author    = {Christopher M. Bishop},
  publisher = {Springer-Verlag New York},
  title     = {{Pattern Recognition and Machine Learning}},
  year      = {2006},
  edition   = {First},
  file      = {:Bishop2006 - Pattern Recognition and Machine Learning.pdf:PDF},
  url       = {https://link.springer.com/book/9780387310732},
}

@Book{Goodfellow2016,
  author    = {Ian Goodfellow and Yoshua Bengio and Aaron Courville},
  publisher = {MIT Press},
  title     = {{Deep Learning}},
  year      = {2016},
  file      = {:Goodfellow2016 - Deep Learning.pdf:PDF},
  url       = {https://www.deeplearningbook.org/},
}

@Book{Mohri2018,
  author    = {Mehryar Mohri and Afshin Rostamizadeh and Ameet Talwalkar},
  publisher = {The MIT Press},
  title     = {{Foundations of Machine Learning}},
  year      = {2018},
  edition   = {Second},
  file      = {:Mohri2018 - Foundations of Machine Learning.pdf:PDF},
  url       = {https://cs.nyu.edu/~mohri/mlbook/},
}

@Book{ShalevShwartz2014,
  author    = {Shai Shalev-Shwartz and Shai Ben-David},
  publisher = {Cambridge University Press},
  title     = {{Understanding Machine Learning}},
  year      = {2014},
  file      = {:ShalevShwartz2014 - Understanding Machine Learning.pdf:PDF},
  url       = {https://www.cambridge.org/core/books/understanding-machine-learning/3059695661405D25673058E43C8BE2A6},
}

@Article{Berner2021,
  author    = {Berner, Julius and Grohs, Philipp and Kutyniok, Gitta and Petersen, Philipp},
  title     = {{The Modern Mathematics of Deep Learning}},
  year      = {2021},
  copyright = {arXiv.org perpetual, non-exclusive license},
  doi       = {10.48550/ARXIV.2105.04026},
  file      = {:Berner2021 - The Modern Mathematics of Deep Learning.pdf:PDF},
  keywords  = {Machine Learning (cs.LG), Machine Learning (stat.ML), FOS: Computer and information sciences, FOS: Computer and information sciences},
  publisher = {arXiv},
}

@Misc{AMS,
  author = {{The American Mathematical Society}},
  title  = {{\AmS-\LaTeX}},
  file   = {:AMS - _.pdf:PDF;:amsclass.pdf:PDF;:amsfndoc.pdf:PDF;:Author_Handbook_Mono.pdf:PDF;:technote.pdf:PDF},
  url    = {https://ctan.org/author/ams},
}

@Misc{TillTantau,
  author = {{Till Tantau}},
  title  = {{Portable Graphics Format(PGF)/TikZ ist kein Zeichenprogramm(TiKz)}},
  file   = {:TillTantau - Portable Graphics Format(PGF)_TikZ Ist Kein Zeichenprogramm(TiKz).pdf:PDF},
  url    = {https://ctan.org/pkg/pgf},
}

@Misc{MarkusKohm,
  author = {{Markus Kohm}},
  title  = {{KOMA-Script}},
  file   = {:MarkusKohm - KOMA Script.pdf:PDF},
  url    = {https://ctan.org/pkg/koma-script},
}

@Book{Foucart2013,
  author    = {Simon Foucart and Holger Rauhut},
  publisher = {Springer New York},
  title     = {{A Mathematical Introduction to Compressive Sensing}},
  year      = {2013},
  doi       = {10.1007/978-0-8176-4948-7},
  file      = {:Foucart2013 - A Mathematical Introduction to Compressive Sensing.pdf:PDF},
}

@Book{DGDS2018,
  author    = {{David J. Griffiths and Darrell F. Schroeter}},
  publisher = {Cambridge University Press},
  title     = {{Introduction to Quantum Mechanics}},
  year      = {2018},
  month     = aug,
  doi       = {10.1017/9781316995433},
  file      = {:DGDS2018 - Introduction to Quantum Mechanics.pdf:PDF},
}

@Book{FranzSchwabl2007,
  author    = {{Franz Schwabl}},
  publisher = {Springer Berlin Heidelberg},
  title     = {{Quantum Mechanics}},
  year      = {2007},
  doi       = {10.1007/978-3-540-71933-5},
  file      = {:FranzSchwabl2007 - Quantum Mechanics.pdf:PDF},
}

@Book{Lipson1995,
  author    = {Stephen G. Lipson and Henry Lipson and David Stefan Tannhauser},
  publisher = {Cambridge University Press},
  title     = {{Optical Physics}},
  year      = {1995},
  month     = jul,
  doi       = {10.1017/cbo9781139170413},
  file      = {:Lipson1995 - Optical Physics.pdf:PDF},
}

@Misc{ECXLMS2013,
  author    = {{Emmanuel Candes and Xiaodong Li and Mahdi Soltanolkotabi}},
  title     = {{Phase Retrieval from Coded Diffraction Patterns}},
  year      = {2013},
  copyright = {arXiv.org perpetual, non-exclusive license},
  doi       = {10.48550/ARXIV.1310.3240},
  file      = {:ECXLMS2013 - Phase Retrieval from Coded Diffraction Patterns.pdf:PDF},
  keywords  = {Information Theory (cs.IT), Functional Analysis (math.FA), Numerical Analysis (math.NA), Optimization and Control (math.OC), Statistics Theory (math.ST), FOS: Computer and information sciences, FOS: Computer and information sciences, FOS: Mathematics, FOS: Mathematics},
  publisher = {arXiv},
}

@Article{Harris2020,
  author    = {Charles R. Harris and K. Jarrod Millman and St{\'{e}}fan J. van der Walt and Ralf Gommers and Pauli Virtanen and David Cournapeau and Eric Wieser and Julian Taylor and Sebastian Berg and Nathaniel J. Smith and Robert Kern and Matti Picus and Stephan Hoyer and Marten H. van Kerkwijk and Matthew Brett and Allan Haldane and Jaime Fern{\'{a}}ndez del R{\'{\i}}o and Mark Wiebe and Pearu Peterson and Pierre G{\'{e}}rard-Marchant and Kevin Sheppard and Tyler Reddy and Warren Weckesser and Hameer Abbasi and Christoph Gohlke and Travis E. Oliphant},
  journal   = {Nature},
  title     = {Array programming with {NumPy}},
  year      = {2020},
  month     = sep,
  number    = {7825},
  pages     = {357--362},
  volume    = {585},
  doi       = {10.1038/s41586-020-2649-2},
  file      = {:Harris2020 - Array Programming with NumPy.pdf:PDF},
  publisher = {Springer Science and Business Media {LLC}},
}

@Misc{Paszke2019,
  author    = {Paszke, Adam and Gross, Sam and Massa, Francisco and Lerer, Adam and Bradbury, James and Chanan, Gregory and Killeen, Trevor and Lin, Zeming and Gimelshein, Natalia and Antiga, Luca and Desmaison, Alban and K{{\"{o}}}pf, Andreas and Yang, Edward and DeVito, Zach and Raison, Martin and Tejani, Alykhan and Chilamkurthy, Sasank and Steiner, Benoit and Fang, Lu and Bai, Junjie and Chintala, Soumith},
  title     = {{PyTorch: An Imperative Style, High-Performance Deep Learning Library}},
  year      = {2019},
  copyright = {arXiv.org perpetual, non-exclusive license},
  doi       = {10.48550/ARXIV.1912.01703},
  file      = {:Paszke2019 - PyTorch_ an Imperative Style, High Performance Deep Learning Library.pdf:PDF},
  keywords  = {Machine Learning (cs.LG), Mathematical Software (cs.MS), Machine Learning (stat.ML), FOS: Computer and information sciences, FOS: Computer and information sciences},
  publisher = {arXiv},
}

@Misc{Abadi2016,
  author    = {Abadi, Mart{\'{i}}n and Barham, Paul and Chen, Jianmin and Chen, Zhifeng and Davis, Andy and Dean, Jeffrey and Devin, Matthieu and Ghemawat, Sanjay and Irving, Geoffrey and Isard, Michael and Kudlur, Manjunath and Levenberg, Josh and Monga, Rajat and Moore, Sherry and Murray, Derek G. and Steiner, Benoit and Tucker, Paul and Vasudevan, Vijay and Warden, Pete and Wicke, Martin and Yu, Yuan and Zheng, Xiaoqiang},
  title     = {{TensorFlow: A system for large-scale machine learning}},
  year      = {2016},
  copyright = {arXiv.org perpetual, non-exclusive license},
  doi       = {10.48550/ARXIV.1605.08695},
  file      = {:Abadi2016 - TensorFlow_ a System for Large Scale Machine Learning.pdf:PDF},
  keywords  = {Distributed, Parallel, and Cluster Computing (cs.DC), Artificial Intelligence (cs.AI), FOS: Computer and information sciences, FOS: Computer and information sciences},
  publisher = {arXiv},
}

@Article{Hunter2007,
  author    = {John D. Hunter},
  journal   = {Computing in Science \& Engineering},
  title     = {{Matplotlib: A 2D Graphics Environment}},
  year      = {2007},
  number    = {3},
  pages     = {90--95},
  volume    = {9},
  doi       = {10.1109/mcse.2007.55},
  file      = {:Hunter2007 - Matplotlib_ a 2D Graphics Environment.pdf:PDF},
  publisher = {Institute of Electrical and Electronics Engineers ({IEEE})},
}

@InProceedings{1993,
  booktitle = {Proceedings of the 1993 {ACM}/{IEEE} conference on Supercomputing - Supercomputing {\textquotesingle}93},
  title     = {{MPI}},
  year      = {1993},
  publisher = {{ACM} Press},
  doi       = {10.1145/169627.169855},
  file      = {:1993 - MPI.pdf:PDF},
}

@Article{VGOHRCBPWBWBWMMNJKLCPFMVLPCHQHARPM2020,
  author    = {{P. Virtanena and R. Gommers and T. Oliphant and M. Haberland and T. Reddy and D. Cournapeau and E. Burovski and P. Peterson and W. Weckesser and J. Bright and S. Walt and M. Brett and J. Wilson and J. Millman and N. Mayorov and A. Nelson and E. Jones and R. Kern and E. Larson and C. Carey an I. Polat and Y. Feng and E. Moore and J. Vanderplas and D. Laxalde and J. Perktold and R. Cimrman and I. Henrikse and E. Quintero and C. Harris and A. Archibald and A. Ribeiro and F. Pedregosa and P. Mulbregt}},
  journal   = {Nature Methods},
  title     = {{{SciPy} 1.0: fundamental algorithms for scientific computing in Python}},
  year      = {2020},
  month     = feb,
  number    = {3},
  pages     = {352--352},
  volume    = {17},
  doi       = {10.1038/s41592-020-0772-5},
  file      = {:VGOHRCBPWBWBWMMNJKLCPFMVLPCHQHARPM2020 - SciPy 1.0_ Fundamental Algorithms for Scientific Computing in Python.pdf:PDF},
  publisher = {Springer Science and Business Media {LLC}},
}

@Article{Dagum1998,
  author    = {L. Dagum and R. Menon},
  journal   = {IEEE Computational Science and Engineering Magazine},
  title     = {{OpenMP}: an industry standard {API} for shared-memory programming},
  year      = {1998},
  number    = {1},
  pages     = {46--55},
  volume    = {5},
  doi       = {10.1109/99.660313},
  file      = {:Dagum1998 - OpenMP_ an Industry Standard API for Shared Memory Programming.pdf:PDF},
  publisher = {Institute of Electrical and Electronics Engineers ({IEEE})},
}

@Misc{Bassey2021,
  author    = {Bassey, Joshua and Qian, Lijun and Li, Xianfang},
  title     = {{A Survey of Complex-Valued Neural Networks}},
  year      = {2021},
  copyright = {Creative Commons Attribution 4.0 International},
  doi       = {10.48550/ARXIV.2101.12249},
  file      = {:Bassey2021 - A Survey of Complex Valued Neural Networks.pdf:PDF},
  keywords  = {Machine Learning (stat.ML), Machine Learning (cs.LG), FOS: Computer and information sciences, FOS: Computer and information sciences},
  publisher = {arXiv},
}

@Misc{Barrachina2023,
  author    = {Barrachina, Jose Agustin and Ren, Chengfang and Vieillard, Gilles and Morisseau, Christele and Ovarlez, Jean-Philippe},
  title     = {{Theory and Implementation of Complex-Valued Neural Networks}},
  year      = {2023},
  copyright = {Creative Commons Attribution 4.0 International},
  doi       = {10.48550/ARXIV.2302.08286},
  file      = {:Barrachina2023 - Theory and Implementation of Complex Valued Neural Networks.pdf:PDF},
  keywords  = {Machine Learning (stat.ML), Machine Learning (cs.LG), FOS: Computer and information sciences, FOS: Computer and information sciences},
  publisher = {arXiv},
}

@Misc{CTOBYZDSSSJFSSMNRYBCP2017,
  author    = {{Chiheb Trabelsi and Olexa Bilaniuk and Ying Zhang and Dmitriy Serdyuk and Sandeep Subramanian and Jo\~{a}o Felipe Santos and Soroush Mehri and Negar Rostamzadeh and Yoshua Bengio and Christopher Pal}},
  title     = {{Deep Complex Networks}},
  year      = {2017},
  copyright = {arXiv.org perpetual, non-exclusive license},
  doi       = {10.48550/ARXIV.1705.09792},
  file      = {:CTOBYZDSSSJFSSMNRYBCP2017 - Deep Complex Networks.pdf:PDF},
  keywords  = {Neural and Evolutionary Computing (cs.NE), Machine Learning (cs.LG), FOS: Computer and information sciences, FOS: Computer and information sciences},
  publisher = {arXiv},
}

@Article{Wirtinger1927,
  author    = {W. Wirtinger},
  journal   = {Mathematische Annalen},
  title     = {{Zur formalen Theorie der Funktionen von mehr komplexen Ver\"{a}nderlichen}},
  year      = {1927},
  month     = dec,
  number    = {1},
  pages     = {357--375},
  volume    = {97},
  doi       = {10.1007/bf01447872},
  file      = {:Wirtinger1927 - Zur Formalen Theorie Der Funktionen Von Mehr Komplexen Veranderlichen.pdf:PDF},
  publisher = {Springer Science and Business Media {LLC}},
}

@Misc{KreutzDelgado2009,
  author    = {Kreutz-Delgado, Ken},
  title     = {{The Complex Gradient Operator and the CR-Calculus}},
  year      = {2009},
  copyright = {arXiv.org perpetual, non-exclusive license},
  doi       = {10.48550/ARXIV.0906.4835},
  file      = {:KreutzDelgado2009 - The Complex Gradient Operator and the CR Calculus.pdf:PDF},
  keywords  = {Optimization and Control (math.OC), Complex Variables (math.CV), FOS: Mathematics, FOS: Mathematics},
  publisher = {arXiv},
}

@Book{Fischer2002,
  author    = {Robert F. H. Fischer},
  publisher = {Wiley},
  title     = {{Precoding and Signal Shaping for Digital Transmission}},
  year      = {2002},
  month     = jul,
  doi       = {10.1002/0471439002},
  file      = {:Fischer2002 - Precoding and Signal Shaping for Digital Transmission.pdf:PDF},
}

@InProceedings{Glorot2010,
  author    = {Xavier Glorot and Yoshua Bengio},
  title     = {Understanding the difficulty of training deep feedforward neural networks},
  year      = {2010},
  pages     = {249--256},
  publisher = {Journal of Machine Learning Research},
  volume    = {9},
  file      = {:Glorot2010 - Understanding the Difficulty of Training Deep Feedforward Neural Networks.pdf:PDF},
  url       = {https://proceedings.mlr.press/v9/glorot10a/glorot10a.pdf},
}

@InProceedings{He2015a,
  author    = {Kaiming He and Xiangyu Zhang and Shaoqing Ren and Jian Sun},
  booktitle = {2015 {IEEE} International Conference on Computer Vision ({ICCV})},
  title     = {{Delving Deep into Rectifiers: Surpassing Human-Level Performance on {ImageNet} Classification}},
  year      = {2015},
  month     = dec,
  publisher = {{IEEE}},
  doi       = {10.1109/iccv.2015.123},
  file      = {:He2015a - Delving Deep into Rectifiers_ Surpassing Human Level Performance on ImageNet Classification.pdf:PDF},
}

@Book{Salem2022,
  author    = {Fathi M. Salem},
  publisher = {Springer International Publishing},
  title     = {{Recurrent Neural Networks}},
  year      = {2022},
  doi       = {10.1007/978-3-030-89929-5},
  file      = {:Salem2022 - Recurrent Neural Networks.pdf:PDF},
}

@TechReport{KARBBCJGPHKKDPWLPJSSWWKY2006,
  author = {{Krste Asanovic and Ras Bodik and Bryan Catanzaro and Joseph Gebis and Parry Husbands and Kurt Keutzer and David A. Patterson and William Lester Plishker and John Shalf and Samuel Webb Williams and Katherine A. Yelick}},
  title  = {{The Landscape of Parallel Computing Research: AView from Berkeley}},
  year   = {2006},
  file   = {:KARBBCJGPHKKDPWLPJSSWWKY2006 - The Landscape of Parallel Computing Research_ AView from Berkeley.pdf:PDF},
  school = {University of California at Berkeley},
  url    = {https://www2.eecs.berkeley.edu/Pubs/TechRpts/2006/EECS-2006-183.pdf},
}

@Book{Hastie2009,
  author    = {Trevor Hastie and Robert Tibshirani and Jerome Friedman},
  publisher = {Springer New York},
  title     = {{The Elements of Statistical Learning}},
  year      = {2009},
  doi       = {10.1007/978-0-387-84858-7},
  file      = {:Hastie2009 - The Elements of Statistical Learning.pdf:PDF},
}

@Misc{Kingma2014,
  author    = {Kingma, Diederik P. and Ba, Jimmy},
  title     = {{Adam: A Method for Stochastic Optimization}},
  year      = {2014},
  copyright = {arXiv.org perpetual, non-exclusive license},
  doi       = {10.48550/ARXIV.1412.6980},
  file      = {:Kingma2014 - Adam_ a Method for Stochastic Optimization.pdf:PDF},
  keywords  = {Machine Learning (cs.LG), FOS: Computer and information sciences, FOS: Computer and information sciences},
  publisher = {arXiv},
}

@Book{Kirsch2021,
  author    = {Andreas Kirsch},
  publisher = {Springer International Publishing},
  title     = {{An Introduction to the Mathematical Theory of Inverse Problems}},
  year      = {2021},
  doi       = {10.1007/978-3-030-63343-1},
  file      = {:Kirsch2021 - An Introduction to the Mathematical Theory of Inverse Problems.pdf:PDF},
}

@Manual{Ramey2022,
  title  = {{Bash Reference Manual}},
  author = {Chet Ramey and Brian Fox},
  month  = sep,
  year   = {2022},
  file   = {:Ramey2022 - Bash Reference Manual.pdf:PDF},
  url    = {https://www.gnu.org/software/bash/manual/bash.pdf},
}

@Manual{Robbins2023,
  title        = {{GAWK: Effective AWK Programming}},
  author       = {Arnold D. Robbins},
  month        = apr,
  organization = {Free Software Foundation},
  year         = {2023},
  file         = {:gawk_manual_robbins.pdf:PDF},
  url          = {https://www.gnu.org/software/gawk/manual/gawk.pdf},
}

@Book{DasGupta2010,
  author    = {Anirban DasGupta},
  publisher = {Springer New York},
  title     = {{Fundamentals of Probability: A First Course}},
  year      = {2010},
  doi       = {10.1007/978-1-4419-5780-1},
  file      = {:DasGupta2010 - Fundamentals of Probability_ a First Course.pdf:PDF},
}

@Book{Khare2023,
  author    = {Kedar Khare and Mansi Butola and Sunaina Rajora},
  publisher = {Springer International Publishing},
  title     = {{Fourier Optics and Computational Imaging}},
  year      = {2023},
  doi       = {10.1007/978-3-031-18353-9},
  file      = {:Khare2023 - Fourier Optics and Computational Imaging.pdf:PDF},
}

@Book{Nesterov2004,
  author    = {Yurii Nesterov},
  publisher = {Springer {US}},
  title     = {{Introductory Lectures on Convex Optimization}},
  year      = {2004},
  doi       = {10.1007/978-1-4419-8853-9},
  file      = {:Nesterov2004 - Introductory Lectures on Convex Optimization.pdf:PDF},
}

@Book{Nesterov2018,
  author    = {Yurii Nesterov},
  publisher = {Springer International Publishing},
  title     = {{Lectures on Convex Optimization}},
  year      = {2018},
  doi       = {10.1007/978-3-319-91578-4},
  file      = {:Nesterov2018 - Lectures on Convex Optimization.pdf:PDF},
}

@Misc{Chen2018,
  author    = {Chen, Xiaohan and Liu, Jialin and Wang, Zhangyang and Yin, Wotao},
  title     = {{Theoretical Linear Convergence of Unfolded ISTA and its Practical Weights and Thresholds}},
  year      = {2018},
  copyright = {arXiv.org perpetual, non-exclusive license},
  doi       = {10.48550/ARXIV.1808.10038},
  file      = {:Chen2018 - Theoretical Linear Convergence of Unfolded ISTA and Its Practical Weights and Thresholds.pdf:PDF},
  keywords  = {Machine Learning (cs.LG), Machine Learning (stat.ML), FOS: Computer and information sciences, FOS: Computer and information sciences},
  publisher = {arXiv},
}

@InProceedings{Deng2009,
  author    = {Jia Deng and Wei Dong and Richard Socher and Li-Jia Li and Kai Li and Li Fei-Fei},
  booktitle = {2009 {IEEE} Conference on Computer Vision and Pattern Recognition},
  title     = {{ImageNet}: A large-scale hierarchical image database},
  year      = {2009},
  month     = jun,
  publisher = {{IEEE}},
  doi       = {10.1109/cvpr.2009.5206848},
  file      = {:Deng2009 - ImageNet_ a Large Scale Hierarchical Image Database.pdf:PDF},
}

@Misc{Sankararaman2019,
  author    = {Sankararaman, Karthik A. and De, Soham and Xu, Zheng and Huang, W. Ronny and Goldstein, Tom},
  title     = {{The Impact of Neural Network Overparameterization on Gradient Confusion and Stochastic Gradient Descent}},
  year      = {2019},
  copyright = {arXiv.org perpetual, non-exclusive license},
  doi       = {10.48550/ARXIV.1904.06963},
  file      = {:Sankararaman2019 - The Impact of Neural Network Overparameterization on Gradient Confusion and Stochastic Gradient Descent.pdf:PDF},
  keywords  = {Machine Learning (cs.LG), Machine Learning (stat.ML), FOS: Computer and information sciences, FOS: Computer and information sciences},
  publisher = {arXiv},
}

@Misc{Masters2018,
  author    = {Masters, Dominic and Luschi, Carlo},
  title     = {{Revisiting Small Batch Training for Deep Neural Networks}},
  year      = {2018},
  copyright = {arXiv.org perpetual, non-exclusive license},
  doi       = {10.48550/ARXIV.1804.07612},
  file      = {:Masters2018 - Revisiting Small Batch Training for Deep Neural Networks.pdf:PDF},
  keywords  = {Machine Learning (cs.LG), Computer Vision and Pattern Recognition (cs.CV), Machine Learning (stat.ML), FOS: Computer and information sciences, FOS: Computer and information sciences},
  publisher = {arXiv},
}

@Article{Silver2016,
  author    = {Silver, David and Huang, Aja and Maddison, Chris J. and Guez, Arthur and Sifre, Laurent and van den Driessche, George and Schrittwieser, Julian and Antonoglou, Ioannis and Panneershelvam, Veda and Lanctot, Marc and Dieleman, Sander and Grewe, Dominik and Nham, John and Kalchbrenner, Nal and Sutskever, Ilya and Lillicrap, Timothy and Leach, Madeleine and Kavukcuoglu, Koray and Graepel, Thore and Hassabis, Demis},
  journal   = {Nature},
  title     = {Mastering the game of Go with deep neural networks and tree search},
  year      = {2016},
  issn      = {1476-4687},
  month     = jan,
  number    = {7587},
  pages     = {484--489},
  volume    = {529},
  doi       = {10.1038/nature16961},
  publisher = {Springer Science and Business Media LLC},
}

@Comment{jabref-meta: databaseType:bibtex;}
