%% This BibTeX bibliography file was created using BibDesk.
%% https://bibdesk.sourceforge.io/

%% Created for rknot at 2023-08-27 20:29:00 +0200 


%% Saved with string encoding Unicode (UTF-8) 



@book{numerical_tensor_hackbusch,
	author = {Wolfgang Hackbusch},
	date-added = {2023-08-27 20:28:22 +0200},
	date-modified = {2023-08-27 20:28:49 +0200},
	doi = {10.1007/978-3-030-35554-8},
	edition = {2},
	publisher = {Springer International Publishing},
	title = {Tensor Spaces and Numerical Tensor Calculus},
	url = {https://doi.org/10.1007%2F978-3-030-35554-8},
	year = 2019}

@book{matrix_analysis_horn,
	author = {Roger A. Horn and Charles R. Johnson},
	date-added = {2023-08-27 18:31:57 +0200},
	date-modified = {2023-08-27 18:40:09 +0200},
	edition = {2},
	publisher = {Cambridge University Press},
	title = {Matrix Analysis},
	year = {2012},
	bdsk-file-1 = {YnBsaXN0MDDSAQIDBFxyZWxhdGl2ZVBhdGhZYWxpYXNEYXRhXxBmLi4vLi4vLi4vLi4vc2NpZWJvL21hdGgvbGluZWFyX2FuZF9tdWx0aWxpbmVhcl9hbGdlYnJhL21hdHJpeF9hbmFseXNpc19ob3JuX2pvaG5zb25fc2Vjb25kX2VkaXRpb24ucGRmTxECIAAAAAACIAACAAAMTWFjaW50b3NoIEhEAAAAAAAAAAAAAAAAAAAA4NLl1kJEAAH/////H21hdHJpeF9hbmFseXNpc19obyNGRkZGRkZGRi5wZGYAAAAAAAAAAAAAAAAAAAAAAAAAAAAAAAAAAAAAAAAAAP/////hBbqOAAAAAAAAAAAABAAEAAAKIGN1AAAAAAAAAAAAAAAAAB5saW5lYXJfYW5kX211bHRpbGluZWFyX2FsZ2VicmEAAgBoLzpVc2Vyczpya25vdDpzY2llYm86bWF0aDpsaW5lYXJfYW5kX211bHRpbGluZWFyX2FsZ2VicmE6bWF0cml4X2FuYWx5c2lzX2hvcm5fam9obnNvbl9zZWNvbmRfZWRpdGlvbi5wZGYADgBgAC8AbQBhAHQAcgBpAHgAXwBhAG4AYQBsAHkAcwBpAHMAXwBoAG8AcgBuAF8AagBvAGgAbgBzAG8AbgBfAHMAZQBjAG8AbgBkAF8AZQBkAGkAdABpAG8AbgAuAHAAZABmAA8AGgAMAE0AYQBjAGkAbgB0AG8AcwBoACAASABEABIAZlVzZXJzL3Jrbm90L3NjaWViby9tYXRoL2xpbmVhcl9hbmRfbXVsdGlsaW5lYXJfYWxnZWJyYS9tYXRyaXhfYW5hbHlzaXNfaG9ybl9qb2huc29uX3NlY29uZF9lZGl0aW9uLnBkZgATAAEvAAAVAAIADP//AAAACAANABoAJACNAAAAAAAAAgEAAAAAAAAABQAAAAAAAAAAAAAAAAAAArE=}}

@book{linear_algebra_shakiban_olver,
	author = {Peter J. Olver and Chehrzad Shakiban},
	date-added = {2023-08-22 15:46:10 +0200},
	date-modified = {2023-08-22 15:46:34 +0200},
	doi = {10.1007/978-3-319-91041-3},
	edition = {2},
	publisher = {Springer International Publishing},
	title = {Applied Linear Algebra},
	url = {https://doi.org/10.1007%2F978-3-319-91041-3},
	year = 2018,
	bdsk-file-1 = {YnBsaXN0MDDSAQIDBFxyZWxhdGl2ZVBhdGhZYWxpYXNEYXRhXxByLi4vLi4vLi4vLi4vc2NpZWJvL21hdGgvdW5kZXJncmFkdWF0ZV90ZXh0X2luX21hdGhlbWF0aWNzL2xpbmVhcl9hbGdlYnJhL2FwcGxpZWRfbGluZWFyX2FsZ2VicmFfb2x2ZXJfc2hha2liYW4ucGRmTxECHAAAAAACHAACAAAMTWFjaW50b3NoIEhEAAAAAAAAAAAAAAAAAAAA4NLl1kJEAAH/////H2FwcGxpZWRfbGluZWFyX2FsZyNGRkZGRkZGRi5wZGYAAAAAAAAAAAAAAAAAAAAAAAAAAAAAAAAAAAAAAAAAAP/////c4lOkAAAAAAAAAAAABAAFAAAKIGN1AAAAAAAAAAAAAAAAAA5saW5lYXJfYWxnZWJyYQACAHQvOlVzZXJzOnJrbm90OnNjaWVibzptYXRoOnVuZGVyZ3JhZHVhdGVfdGV4dF9pbl9tYXRoZW1hdGljczpsaW5lYXJfYWxnZWJyYTphcHBsaWVkX2xpbmVhcl9hbGdlYnJhX29sdmVyX3NoYWtpYmFuLnBkZgAOAFQAKQBhAHAAcABsAGkAZQBkAF8AbABpAG4AZQBhAHIAXwBhAGwAZwBlAGIAcgBhAF8AbwBsAHYAZQByAF8AcwBoAGEAawBpAGIAYQBuAC4AcABkAGYADwAaAAwATQBhAGMAaQBuAHQAbwBzAGgAIABIAEQAEgByVXNlcnMvcmtub3Qvc2NpZWJvL21hdGgvdW5kZXJncmFkdWF0ZV90ZXh0X2luX21hdGhlbWF0aWNzL2xpbmVhcl9hbGdlYnJhL2FwcGxpZWRfbGluZWFyX2FsZ2VicmFfb2x2ZXJfc2hha2liYW4ucGRmABMAAS8AABUAAgAM//8AAAAIAA0AGgAkAJkAAAAAAAACAQAAAAAAAAAFAAAAAAAAAAAAAAAAAAACuQ==}}

@book{wavelets_linear_algebra,
	author = {Michael W. Frazier},
	date-added = {2023-08-22 15:31:45 +0200},
	date-modified = {2023-08-27 20:25:40 +0200},
	doi = {10.1007/b97841},
	publisher = {Springer-Verlag},
	title = {An Introduction to Wavelets Through Linear Algebra},
	url = {https://doi.org/10.1007%2Fb97841},
	year = 1999,
	bdsk-file-1 = {YnBsaXN0MDDSAQIDBFxyZWxhdGl2ZVBhdGhZYWxpYXNEYXRhXxCHLi4vLi4vLi4vLi4vc2NpZWJvL21hdGgvdW5kZXJncmFkdWF0ZV90ZXh0X2luX21hdGhlbWF0aWNzL2xpbmVhcl9hbGdlYnJhL2FuX2ludHJvZHVjdGlvbl90b193YXZlbGV0c190aHJvdWdoX2xpbmVhcl9hbGdlYnJhX2ZyYXppZXIucGRmTxECcgAAAAACcgACAAAMTWFjaW50b3NoIEhEAAAAAAAAAAAAAAAAAAAA4NLl1kJEAAH/////H2FuX2ludHJvZHVjdGlvbl90byNGRkZGRkZGRi5wZGYAAAAAAAAAAAAAAAAAAAAAAAAAAAAAAAAAAAAAAAAAAP/////c4lLgAAAAAAAAAAAABAAFAAAKIGN1AAAAAAAAAAAAAAAAAA5saW5lYXJfYWxnZWJyYQACAIkvOlVzZXJzOnJrbm90OnNjaWVibzptYXRoOnVuZGVyZ3JhZHVhdGVfdGV4dF9pbl9tYXRoZW1hdGljczpsaW5lYXJfYWxnZWJyYTphbl9pbnRyb2R1Y3Rpb25fdG9fd2F2ZWxldHNfdGhyb3VnaF9saW5lYXJfYWxnZWJyYV9mcmF6aWVyLnBkZgAADgB+AD4AYQBuAF8AaQBuAHQAcgBvAGQAdQBjAHQAaQBvAG4AXwB0AG8AXwB3AGEAdgBlAGwAZQB0AHMAXwB0AGgAcgBvAHUAZwBoAF8AbABpAG4AZQBhAHIAXwBhAGwAZwBlAGIAcgBhAF8AZgByAGEAegBpAGUAcgAuAHAAZABmAA8AGgAMAE0AYQBjAGkAbgB0AG8AcwBoACAASABEABIAh1VzZXJzL3Jrbm90L3NjaWViby9tYXRoL3VuZGVyZ3JhZHVhdGVfdGV4dF9pbl9tYXRoZW1hdGljcy9saW5lYXJfYWxnZWJyYS9hbl9pbnRyb2R1Y3Rpb25fdG9fd2F2ZWxldHNfdGhyb3VnaF9saW5lYXJfYWxnZWJyYV9mcmF6aWVyLnBkZgAAEwABLwAAFQACAAz//wAAAAgADQAaACQArgAAAAAAAAIBAAAAAAAAAAUAAAAAAAAAAAAAAAAAAAMk}}

@book{finite_dimensional_halmos,
	author = {Paul R. Halmos},
	date-added = {2023-08-22 15:26:54 +0200},
	date-modified = {2023-08-22 15:27:12 +0200},
	doi = {10.1007/978-1-4612-6387-6},
	publisher = {Springer New York},
	title = {Finite-Dimensional Vector Spaces},
	url = {https://doi.org/10.1007%2F978-1-4612-6387-6},
	year = 1974,
	bdsk-file-1 = {YnBsaXN0MDDSAQIDBFxyZWxhdGl2ZVBhdGhZYWxpYXNEYXRhXxB0Li4vLi4vLi4vLi4vc2NpZWJvL21hdGgvdW5kZXJncmFkdWF0ZV90ZXh0X2luX21hdGhlbWF0aWNzL2xpbmVhcl9hbGdlYnJhL2Zpbml0ZV9kaW1lbnNpb25hbF92ZWN0b3Jfc3BhY2VzX2hhbG1vcy5wZGZPEQIkAAAAAAIkAAIAAAxNYWNpbnRvc2ggSEQAAAAAAAAAAAAAAAAAAADg0uXWQkQAAf////8fZmluaXRlX2RpbWVuc2lvbmFsI0ZGRkZGRkZGLnBkZgAAAAAAAAAAAAAAAAAAAAAAAAAAAAAAAAAAAAAAAAAA/////9zkDXQAAAAAAAAAAAAEAAUAAAogY3UAAAAAAAAAAAAAAAAADmxpbmVhcl9hbGdlYnJhAAIAdi86VXNlcnM6cmtub3Q6c2NpZWJvOm1hdGg6dW5kZXJncmFkdWF0ZV90ZXh0X2luX21hdGhlbWF0aWNzOmxpbmVhcl9hbGdlYnJhOmZpbml0ZV9kaW1lbnNpb25hbF92ZWN0b3Jfc3BhY2VzX2hhbG1vcy5wZGYADgBYACsAZgBpAG4AaQB0AGUAXwBkAGkAbQBlAG4AcwBpAG8AbgBhAGwAXwB2AGUAYwB0AG8AcgBfAHMAcABhAGMAZQBzAF8AaABhAGwAbQBvAHMALgBwAGQAZgAPABoADABNAGEAYwBpAG4AdABvAHMAaAAgAEgARAASAHRVc2Vycy9ya25vdC9zY2llYm8vbWF0aC91bmRlcmdyYWR1YXRlX3RleHRfaW5fbWF0aGVtYXRpY3MvbGluZWFyX2FsZ2VicmEvZmluaXRlX2RpbWVuc2lvbmFsX3ZlY3Rvcl9zcGFjZXNfaGFsbW9zLnBkZgATAAEvAAAVAAIADP//AAAACAANABoAJACbAAAAAAAAAgEAAAAAAAAABQAAAAAAAAAAAAAAAAAAAsM=}}

@book{linea_algebra_axler,
	author = {Sheldon Axler},
	date-added = {2023-08-22 15:24:54 +0200},
	date-modified = {2023-08-22 15:25:55 +0200},
	edition = {3},
	publisher = {Springer Cham},
	title = {Linear Algebra Done Right},
	year = {2014},
	bdsk-file-1 = {YnBsaXN0MDDSAQIDBFxyZWxhdGl2ZVBhdGhZYWxpYXNEYXRhXxBsLi4vLi4vLi4vLi4vc2NpZWJvL21hdGgvdW5kZXJncmFkdWF0ZV90ZXh0X2luX21hdGhlbWF0aWNzL2xpbmVhcl9hbGdlYnJhL2xpbmVhcl9hbGdlYnJhX2RvbmVfcmlnaHRfYXhsZXIucGRmTxECBAAAAAACBAACAAAMTWFjaW50b3NoIEhEAAAAAAAAAAAAAAAAAAAA4NLl1kJEAAH/////H2xpbmVhcl9hbGdlYnJhX2RvbiNGRkZGRkZGRi5wZGYAAAAAAAAAAAAAAAAAAAAAAAAAAAAAAAAAAAAAAAAAAP/////c4lNUAAAAAAAAAAAABAAFAAAKIGN1AAAAAAAAAAAAAAAAAA5saW5lYXJfYWxnZWJyYQACAG4vOlVzZXJzOnJrbm90OnNjaWVibzptYXRoOnVuZGVyZ3JhZHVhdGVfdGV4dF9pbl9tYXRoZW1hdGljczpsaW5lYXJfYWxnZWJyYTpsaW5lYXJfYWxnZWJyYV9kb25lX3JpZ2h0X2F4bGVyLnBkZgAOAEgAIwBsAGkAbgBlAGEAcgBfAGEAbABnAGUAYgByAGEAXwBkAG8AbgBlAF8AcgBpAGcAaAB0AF8AYQB4AGwAZQByAC4AcABkAGYADwAaAAwATQBhAGMAaQBuAHQAbwBzAGgAIABIAEQAEgBsVXNlcnMvcmtub3Qvc2NpZWJvL21hdGgvdW5kZXJncmFkdWF0ZV90ZXh0X2luX21hdGhlbWF0aWNzL2xpbmVhcl9hbGdlYnJhL2xpbmVhcl9hbGdlYnJhX2RvbmVfcmlnaHRfYXhsZXIucGRmABMAAS8AABUAAgAM//8AAAAIAA0AGgAkAJMAAAAAAAACAQAAAAAAAAAFAAAAAAAAAAAAAAAAAAACmw==}}

@book{linear_algebra_janich,
	author = {Klaus J{\"a}nich},
	date-added = {2023-08-22 15:21:45 +0200},
	date-modified = {2023-08-22 15:23:40 +0200},
	publisher = {Springer New York},
	title = {Linear Algebra},
	year = {1994},
	bdsk-file-1 = {YnBsaXN0MDDSAQIDBFxyZWxhdGl2ZVBhdGhZYWxpYXNEYXRhXxBoLi4vLi4vLi4vLi4vc2NpZWJvL21hdGgvdW5kZXJncmFkdWF0ZV90ZXh0X2luX21hdGhlbWF0aWNzL2xpbmVhcl9hbGdlYnJhL2xpbmVhcl9hbGdlYnJhX2tsYXVzX2phbmljaC5wZGZPEQH0AAAAAAH0AAIAAAxNYWNpbnRvc2ggSEQAAAAAAAAAAAAAAAAAAADg0uXWQkQAAf////8fbGluZWFyX2FsZ2VicmFfa2xhdXNfamFuaWNoLnBkZgAAAAAAAAAAAAAAAAAAAAAAAAAAAAAAAAAAAAAAAAAA/////9ziUnoAAAAAAAAAAAAEAAUAAAogY3UAAAAAAAAAAAAAAAAADmxpbmVhcl9hbGdlYnJhAAIAai86VXNlcnM6cmtub3Q6c2NpZWJvOm1hdGg6dW5kZXJncmFkdWF0ZV90ZXh0X2luX21hdGhlbWF0aWNzOmxpbmVhcl9hbGdlYnJhOmxpbmVhcl9hbGdlYnJhX2tsYXVzX2phbmljaC5wZGYADgBAAB8AbABpAG4AZQBhAHIAXwBhAGwAZwBlAGIAcgBhAF8AawBsAGEAdQBzAF8AagBhAG4AaQBjAGgALgBwAGQAZgAPABoADABNAGEAYwBpAG4AdABvAHMAaAAgAEgARAASAGhVc2Vycy9ya25vdC9zY2llYm8vbWF0aC91bmRlcmdyYWR1YXRlX3RleHRfaW5fbWF0aGVtYXRpY3MvbGluZWFyX2FsZ2VicmEvbGluZWFyX2FsZ2VicmFfa2xhdXNfamFuaWNoLnBkZgATAAEvAAAVAAIADP//AAAACAANABoAJACPAAAAAAAAAgEAAAAAAAAABQAAAAAAAAAAAAAAAAAAAoc=}}

@book{linear_algebra_lang,
	author = {Serge Lang},
	date-added = {2023-08-22 15:18:17 +0200},
	date-modified = {2023-08-22 15:18:34 +0200},
	doi = {10.1007/978-1-4757-1949-9},
	edition = {3},
	publisher = {Springer New York},
	title = {Linear Algebra},
	url = {https://doi.org/10.1007%2F978-1-4757-1949-9},
	year = 1987,
	bdsk-file-1 = {YnBsaXN0MDDSAQIDBFxyZWxhdGl2ZVBhdGhZYWxpYXNEYXRhXxBgLi4vLi4vLi4vLi4vc2NpZWJvL21hdGgvdW5kZXJncmFkdWF0ZV90ZXh0X2luX21hdGhlbWF0aWNzL2xpbmVhcl9hbGdlYnJhL2xpbmVhcl9hbGdlYnJhX2xhbmcucGRmTxEB1AAAAAAB1AACAAAMTWFjaW50b3NoIEhEAAAAAAAAAAAAAAAAAAAA4NLl1kJEAAH/////F2xpbmVhcl9hbGdlYnJhX2xhbmcucGRmAAAAAAAAAAAAAAAAAAAAAAAAAAAAAAAAAAAAAAAAAAAAAAAAAAAAAP/////ggEx2AAAAAAAAAAAABAAFAAAKIGN1AAAAAAAAAAAAAAAAAA5saW5lYXJfYWxnZWJyYQACAGIvOlVzZXJzOnJrbm90OnNjaWVibzptYXRoOnVuZGVyZ3JhZHVhdGVfdGV4dF9pbl9tYXRoZW1hdGljczpsaW5lYXJfYWxnZWJyYTpsaW5lYXJfYWxnZWJyYV9sYW5nLnBkZgAOADAAFwBsAGkAbgBlAGEAcgBfAGEAbABnAGUAYgByAGEAXwBsAGEAbgBnAC4AcABkAGYADwAaAAwATQBhAGMAaQBuAHQAbwBzAGgAIABIAEQAEgBgVXNlcnMvcmtub3Qvc2NpZWJvL21hdGgvdW5kZXJncmFkdWF0ZV90ZXh0X2luX21hdGhlbWF0aWNzL2xpbmVhcl9hbGdlYnJhL2xpbmVhcl9hbGdlYnJhX2xhbmcucGRmABMAAS8AABUAAgAM//8AAAAIAA0AGgAkAIcAAAAAAAACAQAAAAAAAAAFAAAAAAAAAAAAAAAAAAACXw==}}

@book{introduction_to_linear_algebra_lang,
	author = {Serge Lang},
	date-added = {2023-08-22 15:16:55 +0200},
	date-modified = {2023-08-22 15:17:23 +0200},
	doi = {10.1007/978-1-4612-1070-2},
	edition = {2},
	publisher = {Springer New York},
	title = {Introduction to Linear Algebra},
	url = {https://doi.org/10.1007%2F978-1-4612-1070-2},
	year = 1986,
	bdsk-file-1 = {YnBsaXN0MDDSAQIDBFxyZWxhdGl2ZVBhdGhZYWxpYXNEYXRhXxBwLi4vLi4vLi4vLi4vc2NpZWJvL21hdGgvdW5kZXJncmFkdWF0ZV90ZXh0X2luX21hdGhlbWF0aWNzL2xpbmVhcl9hbGdlYnJhL2ludHJvZHVjdGlvbl90b19saW5lYXJfYWxnZWJyYV9sYW5nLnBkZk8RAhQAAAAAAhQAAgAADE1hY2ludG9zaCBIRAAAAAAAAAAAAAAAAAAAAODS5dZCRAAB/////x9pbnRyb2R1Y3Rpb25fdG9fbGkjRkZGRkZGRkYucGRmAAAAAAAAAAAAAAAAAAAAAAAAAAAAAAAAAAAAAAAAAAD/////4IBNQAAAAAAAAAAAAAQABQAACiBjdQAAAAAAAAAAAAAAAAAObGluZWFyX2FsZ2VicmEAAgByLzpVc2Vyczpya25vdDpzY2llYm86bWF0aDp1bmRlcmdyYWR1YXRlX3RleHRfaW5fbWF0aGVtYXRpY3M6bGluZWFyX2FsZ2VicmE6aW50cm9kdWN0aW9uX3RvX2xpbmVhcl9hbGdlYnJhX2xhbmcucGRmAA4AUAAnAGkAbgB0AHIAbwBkAHUAYwB0AGkAbwBuAF8AdABvAF8AbABpAG4AZQBhAHIAXwBhAGwAZwBlAGIAcgBhAF8AbABhAG4AZwAuAHAAZABmAA8AGgAMAE0AYQBjAGkAbgB0AG8AcwBoACAASABEABIAcFVzZXJzL3Jrbm90L3NjaWViby9tYXRoL3VuZGVyZ3JhZHVhdGVfdGV4dF9pbl9tYXRoZW1hdGljcy9saW5lYXJfYWxnZWJyYS9pbnRyb2R1Y3Rpb25fdG9fbGluZWFyX2FsZ2VicmFfbGFuZy5wZGYAEwABLwAAFQACAAz//wAAAAgADQAaACQAlwAAAAAAAAIBAAAAAAAAAAUAAAAAAAAAAAAAAAAAAAKv}}

@book{functional_stein,
	author = {Elias Menachem Stein and Rami Shakarchi},
	date-added = {2023-08-21 21:01:01 +0200},
	date-modified = {2023-08-21 21:01:39 +0200},
	publisher = {Princeton University Press},
	title = {Functional Analysis},
	year = {2011},
	bdsk-file-1 = {YnBsaXN0MDDSAQIDBFxyZWxhdGl2ZVBhdGhZYWxpYXNEYXRhXxA+Li4vLi4vLi4vLi4vc2NpZWJvL21hdGgvYW5hbHlzaXMvZnVuY3Rpb25hbF9hbmFseXNpc19zdGVpbi5wZGZPEQGWAAAAAAGWAAIAAAxNYWNpbnRvc2ggSEQAAAAAAAAAAAAAAAAAAADg0uXWQkQAAf////8dZnVuY3Rpb25hbF9hbmFseXNpc19zdGVpbi5wZGYAAAAAAAAAAAAAAAAAAAAAAAAAAAAAAAAAAAAAAAAAAAAA/////92seL4AAAAAAAAAAAAEAAQAAAogY3UAAAAAAAAAAAAAAAAACGFuYWx5c2lzAAIAQC86VXNlcnM6cmtub3Q6c2NpZWJvOm1hdGg6YW5hbHlzaXM6ZnVuY3Rpb25hbF9hbmFseXNpc19zdGVpbi5wZGYADgA8AB0AZgB1AG4AYwB0AGkAbwBuAGEAbABfAGEAbgBhAGwAeQBzAGkAcwBfAHMAdABlAGkAbgAuAHAAZABmAA8AGgAMAE0AYQBjAGkAbgB0AG8AcwBoACAASABEABIAPlVzZXJzL3Jrbm90L3NjaWViby9tYXRoL2FuYWx5c2lzL2Z1bmN0aW9uYWxfYW5hbHlzaXNfc3RlaW4ucGRmABMAAS8AABUAAgAM//8AAAAIAA0AGgAkAGUAAAAAAAACAQAAAAAAAAAFAAAAAAAAAAAAAAAAAAAB/w==}}

@book{real_stein,
	author = {Elias Menachem Stein and Rami Shakarchi},
	date-added = {2023-08-21 21:00:27 +0200},
	date-modified = {2023-08-21 21:00:51 +0200},
	publisher = {Princeton University Press},
	title = {Real Analysis},
	year = {2005},
	bdsk-file-1 = {YnBsaXN0MDDSAQIDBFxyZWxhdGl2ZVBhdGhZYWxpYXNEYXRhXxA4Li4vLi4vLi4vLi4vc2NpZWJvL21hdGgvYW5hbHlzaXMvcmVhbF9hbmFseXNpc19zdGVpbi5wZGZPEQF+AAAAAAF+AAIAAAxNYWNpbnRvc2ggSEQAAAAAAAAAAAAAAAAAAADg0uXWQkQAAf////8XcmVhbF9hbmFseXNpc19zdGVpbi5wZGYAAAAAAAAAAAAAAAAAAAAAAAAAAAAAAAAAAAAAAAAAAAAAAAAAAAAA/////92se8oAAAAAAAAAAAAEAAQAAAogY3UAAAAAAAAAAAAAAAAACGFuYWx5c2lzAAIAOi86VXNlcnM6cmtub3Q6c2NpZWJvOm1hdGg6YW5hbHlzaXM6cmVhbF9hbmFseXNpc19zdGVpbi5wZGYADgAwABcAcgBlAGEAbABfAGEAbgBhAGwAeQBzAGkAcwBfAHMAdABlAGkAbgAuAHAAZABmAA8AGgAMAE0AYQBjAGkAbgB0AG8AcwBoACAASABEABIAOFVzZXJzL3Jrbm90L3NjaWViby9tYXRoL2FuYWx5c2lzL3JlYWxfYW5hbHlzaXNfc3RlaW4ucGRmABMAAS8AABUAAgAM//8AAAAIAA0AGgAkAF8AAAAAAAACAQAAAAAAAAAFAAAAAAAAAAAAAAAAAAAB4Q==}}

@book{complex_stein,
	author = {Elias Menachem Stein and Rami Shakarchi},
	date-added = {2023-08-21 20:58:53 +0200},
	date-modified = {2023-08-21 20:59:44 +0200},
	publisher = {Princeton University Press},
	title = {Complex Analysis},
	year = {2003},
	bdsk-file-1 = {YnBsaXN0MDDSAQIDBFxyZWxhdGl2ZVBhdGhZYWxpYXNEYXRhXxA7Li4vLi4vLi4vLi4vc2NpZWJvL21hdGgvYW5hbHlzaXMvY29tcGxleF9hbmFseXNpc19zdGVpbi5wZGZPEQGMAAAAAAGMAAIAAAxNYWNpbnRvc2ggSEQAAAAAAAAAAAAAAAAAAADg0uXWQkQAAf////8aY29tcGxleF9hbmFseXNpc19zdGVpbi5wZGYAAAAAAAAAAAAAAAAAAAAAAAAAAAAAAAAAAAAAAAAAAAAAAAAA/////92semoAAAAAAAAAAAAEAAQAAAogY3UAAAAAAAAAAAAAAAAACGFuYWx5c2lzAAIAPS86VXNlcnM6cmtub3Q6c2NpZWJvOm1hdGg6YW5hbHlzaXM6Y29tcGxleF9hbmFseXNpc19zdGVpbi5wZGYAAA4ANgAaAGMAbwBtAHAAbABlAHgAXwBhAG4AYQBsAHkAcwBpAHMAXwBzAHQAZQBpAG4ALgBwAGQAZgAPABoADABNAGEAYwBpAG4AdABvAHMAaAAgAEgARAASADtVc2Vycy9ya25vdC9zY2llYm8vbWF0aC9hbmFseXNpcy9jb21wbGV4X2FuYWx5c2lzX3N0ZWluLnBkZgAAEwABLwAAFQACAAz//wAAAAgADQAaACQAYgAAAAAAAAIBAAAAAAAAAAUAAAAAAAAAAAAAAAAAAAHy}}

@book{fourier_stein,
	author = {Elias Menachem Stein and Rami Shakarchi},
	date-added = {2023-08-21 20:57:06 +0200},
	date-modified = {2023-08-21 20:58:39 +0200},
	publisher = {Princeton University Press},
	title = {Fourier Analysis},
	year = {2003},
	bdsk-file-1 = {YnBsaXN0MDDSAQIDBFxyZWxhdGl2ZVBhdGhZYWxpYXNEYXRhXxA7Li4vLi4vLi4vLi4vc2NpZWJvL21hdGgvYW5hbHlzaXMvZm91cmllcl9hbmFseXNpc19zdGVpbi5wZGZPEQGMAAAAAAGMAAIAAAxNYWNpbnRvc2ggSEQAAAAAAAAAAAAAAAAAAADg0uXWQkQAAf////8aZm91cmllcl9hbmFseXNpc19zdGVpbi5wZGYAAAAAAAAAAAAAAAAAAAAAAAAAAAAAAAAAAAAAAAAAAAAAAAAA/////92sebkAAAAAAAAAAAAEAAQAAAogY3UAAAAAAAAAAAAAAAAACGFuYWx5c2lzAAIAPS86VXNlcnM6cmtub3Q6c2NpZWJvOm1hdGg6YW5hbHlzaXM6Zm91cmllcl9hbmFseXNpc19zdGVpbi5wZGYAAA4ANgAaAGYAbwB1AHIAaQBlAHIAXwBhAG4AYQBsAHkAcwBpAHMAXwBzAHQAZQBpAG4ALgBwAGQAZgAPABoADABNAGEAYwBpAG4AdABvAHMAaAAgAEgARAASADtVc2Vycy9ya25vdC9zY2llYm8vbWF0aC9hbmFseXNpcy9mb3VyaWVyX2FuYWx5c2lzX3N0ZWluLnBkZgAAEwABLwAAFQACAAz//wAAAAgADQAaACQAYgAAAAAAAAIBAAAAAAAAAAUAAAAAAAAAAAAAAAAAAAHy}}

@book{latex_graphics_companion_mittelbach,
	author = {Michel Goossens and Frank Mittelbach and Sebastian Rahtz and Denis Roegel and Herbert VoB},
	date-added = {2023-08-21 20:44:04 +0200},
	date-modified = {2023-08-21 20:45:51 +0200},
	edition = {2},
	publisher = {Addison-Wesley},
	title = {The LaTeX Graphics Companion},
	year = {2008},
	bdsk-file-1 = {YnBsaXN0MDDSAQIDBFxyZWxhdGl2ZVBhdGhZYWxpYXNEYXRhXxB6Li4vLi4vLi4vLi4vc2NpZWJvL21hdGgvbGF0ZXgvdGhlX2xhdGV4X2dyYXBoaWNzX2NvbXBhbmlvbl9nb29zZW5zX21pdHRlbGJhY2hfcmFodHpfcm9lZ2VsX3Zvc3Nfc2Vjb25kX2VkaXRpb25fcmVwcmludC5wZGZPEQKKAAAAAAKKAAIAAAxNYWNpbnRvc2ggSEQAAAAAAAAAAAAAAAAAAADg0uXWQkQAAf////8fdGhlX2xhdGV4X2dyYXBoaWNzI0ZGRkZGRkZGLnBkZgAAAAAAAAAAAAAAAAAAAAAAAAAAAAAAAAAAAAAAAAAA/////+DvxK8AAAAAAAAAAAAEAAQAAAogY3UAAAAAAAAAAAAAAAAABWxhdGV4AAACAHwvOlVzZXJzOnJrbm90OnNjaWVibzptYXRoOmxhdGV4OnRoZV9sYXRleF9ncmFwaGljc19jb21wYW5pb25fZ29vc2Vuc19taXR0ZWxiYWNoX3JhaHR6X3JvZWdlbF92b3NzX3NlY29uZF9lZGl0aW9uX3JlcHJpbnQucGRmAA4AugBcAHQAaABlAF8AbABhAHQAZQB4AF8AZwByAGEAcABoAGkAYwBzAF8AYwBvAG0AcABhAG4AaQBvAG4AXwBnAG8AbwBzAGUAbgBzAF8AbQBpAHQAdABlAGwAYgBhAGMAaABfAHIAYQBoAHQAegBfAHIAbwBlAGcAZQBsAF8AdgBvAHMAcwBfAHMAZQBjAG8AbgBkAF8AZQBkAGkAdABpAG8AbgBfAHIAZQBwAHIAaQBuAHQALgBwAGQAZgAPABoADABNAGEAYwBpAG4AdABvAHMAaAAgAEgARAASAHpVc2Vycy9ya25vdC9zY2llYm8vbWF0aC9sYXRleC90aGVfbGF0ZXhfZ3JhcGhpY3NfY29tcGFuaW9uX2dvb3NlbnNfbWl0dGVsYmFjaF9yYWh0el9yb2VnZWxfdm9zc19zZWNvbmRfZWRpdGlvbl9yZXByaW50LnBkZgATAAEvAAAVAAIADP//AAAACAANABoAJAChAAAAAAAAAgEAAAAAAAAABQAAAAAAAAAAAAAAAAAAAy8=},
	bdsk-file-2 = {YnBsaXN0MDDSAQIDBFxyZWxhdGl2ZVBhdGhZYWxpYXNEYXRhXxByLi4vLi4vLi4vLi4vc2NpZWJvL21hdGgvbGF0ZXgvdGhlX2xhdGV4X2dyYXBoaWNzX2NvbXBhbmlvbl9nb29zZW5zX21pdHRlbGJhY2hfcmFodHpfcm9lZ2VsX3Zvc3Nfc2Vjb25kX2VkaXRpb24ucGRmTxECagAAAAACagACAAAMTWFjaW50b3NoIEhEAAAAAAAAAAAAAAAAAAAA4NLl1kJEAAH/////H3RoZV9sYXRleF9ncmFwaGljcyNGRkZGRkZGRi5wZGYAAAAAAAAAAAAAAAAAAAAAAAAAAAAAAAAAAAAAAAAAAP/////gqYFOAAAAAAAAAAAABAAEAAAKIGN1AAAAAAAAAAAAAAAAAAVsYXRleAAAAgB0LzpVc2Vyczpya25vdDpzY2llYm86bWF0aDpsYXRleDp0aGVfbGF0ZXhfZ3JhcGhpY3NfY29tcGFuaW9uX2dvb3NlbnNfbWl0dGVsYmFjaF9yYWh0el9yb2VnZWxfdm9zc19zZWNvbmRfZWRpdGlvbi5wZGYADgCqAFQAdABoAGUAXwBsAGEAdABlAHgAXwBnAHIAYQBwAGgAaQBjAHMAXwBjAG8AbQBwAGEAbgBpAG8AbgBfAGcAbwBvAHMAZQBuAHMAXwBtAGkAdAB0AGUAbABiAGEAYwBoAF8AcgBhAGgAdAB6AF8AcgBvAGUAZwBlAGwAXwB2AG8AcwBzAF8AcwBlAGMAbwBuAGQAXwBlAGQAaQB0AGkAbwBuAC4AcABkAGYADwAaAAwATQBhAGMAaQBuAHQAbwBzAGgAIABIAEQAEgByVXNlcnMvcmtub3Qvc2NpZWJvL21hdGgvbGF0ZXgvdGhlX2xhdGV4X2dyYXBoaWNzX2NvbXBhbmlvbl9nb29zZW5zX21pdHRlbGJhY2hfcmFodHpfcm9lZ2VsX3Zvc3Nfc2Vjb25kX2VkaXRpb24ucGRmABMAAS8AABUAAgAM//8AAAAIAA0AGgAkAJkAAAAAAAACAQAAAAAAAAAFAAAAAAAAAAAAAAAAAAADBw==}}

@book{latex_companion_mittelbach,
	author = {Frank Mittelbach and Ulrike Fischer},
	date-added = {2023-08-21 20:42:11 +0200},
	date-modified = {2023-08-21 20:43:16 +0200},
	edition = {3},
	publisher = {Addison-Wesley},
	title = {The LaTeX Companion: Parts I & II},
	year = {2023},
	bdsk-file-1 = {YnBsaXN0MDDSAQIDBFxyZWxhdGl2ZVBhdGhZYWxpYXNEYXRhXxBILi4vLi4vLi4vLi4vc2NpZWJvL21hdGgvbGF0ZXgvdGhlX2xhdGV4X2NvbXBhbmlvbl9taXR0ZWxiYWNoX2dvb3NlbnMucGRmTxEBwgAAAAABwgACAAAMTWFjaW50b3NoIEhEAAAAAAAAAAAAAAAAAAAA4NLl1kJEAAH/////H3RoZV9sYXRleF9jb21wYW5pbyNGRkZGRkZGRi5wZGYAAAAAAAAAAAAAAAAAAAAAAAAAAAAAAAAAAAAAAAAAAP/////gqX9pAAAAAAAAAAAABAAEAAAKIGN1AAAAAAAAAAAAAAAAAAVsYXRleAAAAgBKLzpVc2Vyczpya25vdDpzY2llYm86bWF0aDpsYXRleDp0aGVfbGF0ZXhfY29tcGFuaW9uX21pdHRlbGJhY2hfZ29vc2Vucy5wZGYADgBWACoAdABoAGUAXwBsAGEAdABlAHgAXwBjAG8AbQBwAGEAbgBpAG8AbgBfAG0AaQB0AHQAZQBsAGIAYQBjAGgAXwBnAG8AbwBzAGUAbgBzAC4AcABkAGYADwAaAAwATQBhAGMAaQBuAHQAbwBzAGgAIABIAEQAEgBIVXNlcnMvcmtub3Qvc2NpZWJvL21hdGgvbGF0ZXgvdGhlX2xhdGV4X2NvbXBhbmlvbl9taXR0ZWxiYWNoX2dvb3NlbnMucGRmABMAAS8AABUAAgAM//8AAAAIAA0AGgAkAG8AAAAAAAACAQAAAAAAAAAFAAAAAAAAAAAAAAAAAAACNQ==}}

@book{not_so_short_introduction_to_latex,
	author = {Tobias Oetiker},
	date-added = {2023-08-21 20:39:37 +0200},
	date-modified = {2023-08-21 20:40:34 +0200},
	title = {The Not So Short Introduction to LATEX},
	year = {2021},
	bdsk-file-1 = {YnBsaXN0MDDSAQIDBFxyZWxhdGl2ZVBhdGhZYWxpYXNEYXRhXxBQLi4vLi4vLi4vLi4vc2NpZWJvL21hdGgvbGF0ZXgvdGhlX25vdF9zb19zaG9ydF9pbnRyb2R1Y3Rpb25fdG9fbGF0ZXhfb2V0aWtlci5wZGZPEQHiAAAAAAHiAAIAAAxNYWNpbnRvc2ggSEQAAAAAAAAAAAAAAAAAAADg0uXWQkQAAf////8fdGhlX25vdF9zb19zaG9ydF9pI0ZGRkZGRkZGLnBkZgAAAAAAAAAAAAAAAAAAAAAAAAAAAAAAAAAAAAAAAAAA/////97kqUAAAAAAAAAAAAAEAAQAAAogY3UAAAAAAAAAAAAAAAAABWxhdGV4AAACAFIvOlVzZXJzOnJrbm90OnNjaWVibzptYXRoOmxhdGV4OnRoZV9ub3Rfc29fc2hvcnRfaW50cm9kdWN0aW9uX3RvX2xhdGV4X29ldGlrZXIucGRmAA4AZgAyAHQAaABlAF8AbgBvAHQAXwBzAG8AXwBzAGgAbwByAHQAXwBpAG4AdAByAG8AZAB1AGMAdABpAG8AbgBfAHQAbwBfAGwAYQB0AGUAeABfAG8AZQB0AGkAawBlAHIALgBwAGQAZgAPABoADABNAGEAYwBpAG4AdABvAHMAaAAgAEgARAASAFBVc2Vycy9ya25vdC9zY2llYm8vbWF0aC9sYXRleC90aGVfbm90X3NvX3Nob3J0X2ludHJvZHVjdGlvbl90b19sYXRleF9vZXRpa2VyLnBkZgATAAEvAAAVAAIADP//AAAACAANABoAJAB3AAAAAAAAAgEAAAAAAAAABQAAAAAAAAAAAAAAAAAAAl0=}}

@book{guide_to_latex_kopka,
	author = {Helmut Kopka and Patrick W. Daly},
	date-added = {2023-08-21 20:38:05 +0200},
	date-modified = {2023-08-21 20:39:08 +0200},
	edition = {4},
	publisher = {Addison-Wesley},
	title = {Guide to LATEX},
	year = {2004},
	bdsk-file-1 = {YnBsaXN0MDDSAQIDBFxyZWxhdGl2ZVBhdGhZYWxpYXNEYXRhXxA9Li4vLi4vLi4vLi4vc2NpZWJvL21hdGgvbGF0ZXgvYV9ndWlkZV90b19sYXRleF9rb3BrYV9kYWx5LnBkZk8RAZgAAAAAAZgAAgAADE1hY2ludG9zaCBIRAAAAAAAAAAAAAAAAAAAAODS5dZCRAAB/////x9hX2d1aWRlX3RvX2xhdGV4X2tvcGthX2RhbHkucGRmAAAAAAAAAAAAAAAAAAAAAAAAAAAAAAAAAAAAAAAAAAD/////4Ks2ogAAAAAAAAAAAAQABAAACiBjdQAAAAAAAAAAAAAAAAAFbGF0ZXgAAAIAPy86VXNlcnM6cmtub3Q6c2NpZWJvOm1hdGg6bGF0ZXg6YV9ndWlkZV90b19sYXRleF9rb3BrYV9kYWx5LnBkZgAADgBAAB8AYQBfAGcAdQBpAGQAZQBfAHQAbwBfAGwAYQB0AGUAeABfAGsAbwBwAGsAYQBfAGQAYQBsAHkALgBwAGQAZgAPABoADABNAGEAYwBpAG4AdABvAHMAaAAgAEgARAASAD1Vc2Vycy9ya25vdC9zY2llYm8vbWF0aC9sYXRleC9hX2d1aWRlX3RvX2xhdGV4X2tvcGthX2RhbHkucGRmAAATAAEvAAAVAAIADP//AAAACAANABoAJABkAAAAAAAAAgEAAAAAAAAABQAAAAAAAAAAAAAAAAAAAgA=}}

@book{latex_tikz_kottwitz,
	author = {Stefan Kottwitz},
	date-added = {2023-08-21 20:34:42 +0200},
	date-modified = {2023-08-21 20:35:06 +0200},
	publisher = {Packt Publishing},
	title = {LaTeX Graphics with TikZ},
	year = {2023},
	bdsk-file-1 = {YnBsaXN0MDDSAQIDBFxyZWxhdGl2ZVBhdGhZYWxpYXNEYXRhXxBDLi4vLi4vLi4vLi4vc2NpZWJvL21hdGgvbGF0ZXgvbGF0ZXhfZ3JhcGhpY3Nfd2l0aF90aWt6X2tvdHR3aXR6LnBkZk8RAbAAAAAAAbAAAgAADE1hY2ludG9zaCBIRAAAAAAAAAAAAAAAAAAAAODS5dZCRAAB/////x9sYXRleF9ncmFwaGljc193aXQjRkZGRkZGRkYucGRmAAAAAAAAAAAAAAAAAAAAAAAAAAAAAAAAAAAAAAAAAAD/////4ONwfwAAAAAAAAAAAAQABAAACiBjdQAAAAAAAAAAAAAAAAAFbGF0ZXgAAAIARS86VXNlcnM6cmtub3Q6c2NpZWJvOm1hdGg6bGF0ZXg6bGF0ZXhfZ3JhcGhpY3Nfd2l0aF90aWt6X2tvdHR3aXR6LnBkZgAADgBMACUAbABhAHQAZQB4AF8AZwByAGEAcABoAGkAYwBzAF8AdwBpAHQAaABfAHQAaQBrAHoAXwBrAG8AdAB0AHcAaQB0AHoALgBwAGQAZgAPABoADABNAGEAYwBpAG4AdABvAHMAaAAgAEgARAASAENVc2Vycy9ya25vdC9zY2llYm8vbWF0aC9sYXRleC9sYXRleF9ncmFwaGljc193aXRoX3Rpa3pfa290dHdpdHoucGRmAAATAAEvAAAVAAIADP//AAAACAANABoAJABqAAAAAAAAAgEAAAAAAAAABQAAAAAAAAAAAAAAAAAAAh4=}}

@book{latex_beginner_kottwitz,
	author = {Stefan Kottwitz},
	date-added = {2023-08-21 20:33:16 +0200},
	date-modified = {2023-08-21 20:33:53 +0200},
	edition = {2},
	publisher = {Packt Publishing},
	title = {LaTeX Beginner's Guide},
	year = {2021},
	bdsk-file-1 = {YnBsaXN0MDDSAQIDBFxyZWxhdGl2ZVBhdGhZYWxpYXNEYXRhXxBALi4vLi4vLi4vLi4vc2NpZWJvL21hdGgvbGF0ZXgvbGF0ZXhfYmVnaW5uZXJzX2d1aWRlX2tvdHR3aXR6LnBkZk8RAaIAAAAAAaIAAgAADE1hY2ludG9zaCBIRAAAAAAAAAAAAAAAAAAAAODS5dZCRAAB/////x9sYXRleF9iZWdpbm5lcnNfZ3UjRkZGRkZGRkYucGRmAAAAAAAAAAAAAAAAAAAAAAAAAAAAAAAAAAAAAAAAAAD/////4KmBfgAAAAAAAAAAAAQABAAACiBjdQAAAAAAAAAAAAAAAAAFbGF0ZXgAAAIAQi86VXNlcnM6cmtub3Q6c2NpZWJvOm1hdGg6bGF0ZXg6bGF0ZXhfYmVnaW5uZXJzX2d1aWRlX2tvdHR3aXR6LnBkZgAOAEYAIgBsAGEAdABlAHgAXwBiAGUAZwBpAG4AbgBlAHIAcwBfAGcAdQBpAGQAZQBfAGsAbwB0AHQAdwBpAHQAegAuAHAAZABmAA8AGgAMAE0AYQBjAGkAbgB0AG8AcwBoACAASABEABIAQFVzZXJzL3Jrbm90L3NjaWViby9tYXRoL2xhdGV4L2xhdGV4X2JlZ2lubmVyc19ndWlkZV9rb3R0d2l0ei5wZGYAEwABLwAAFQACAAz//wAAAAgADQAaACQAZwAAAAAAAAIBAAAAAAAAAAUAAAAAAAAAAAAAAAAAAAIN}}

@book{more_math_intro_latex_gratzer,
	author = {George Gr{\"a}tzer},
	date-added = {2023-08-21 20:30:54 +0200},
	date-modified = {2023-08-21 20:31:19 +0200},
	doi = {10.1007/978-3-319-23796-1},
	publisher = {Springer International Publishing},
	title = {More Math Into {LaTeX}},
	url = {https://doi.org/10.1007%2F978-3-319-23796-1},
	year = 2016,
	bdsk-file-1 = {YnBsaXN0MDDSAQIDBFxyZWxhdGl2ZVBhdGhZYWxpYXNEYXRhXxA+Li4vLi4vLi4vLi4vc2NpZWJvL21hdGgvbGF0ZXgvbW9yZV9tYXRoX2ludG9fbGF0ZXhfZ3JhdHplci5wZGZPEQGaAAAAAAGaAAIAAAxNYWNpbnRvc2ggSEQAAAAAAAAAAAAAAAAAAADg0uXWQkQAAf////8fbW9yZV9tYXRoX2ludG9fbGF0I0ZGRkZGRkZGLnBkZgAAAAAAAAAAAAAAAAAAAAAAAAAAAAAAAAAAAAAAAAAA/////+CpfNsAAAAAAAAAAAAEAAQAAAogY3UAAAAAAAAAAAAAAAAABWxhdGV4AAACAEAvOlVzZXJzOnJrbm90OnNjaWVibzptYXRoOmxhdGV4Om1vcmVfbWF0aF9pbnRvX2xhdGV4X2dyYXR6ZXIucGRmAA4AQgAgAG0AbwByAGUAXwBtAGEAdABoAF8AaQBuAHQAbwBfAGwAYQB0AGUAeABfAGcAcgBhAHQAegBlAHIALgBwAGQAZgAPABoADABNAGEAYwBpAG4AdABvAHMAaAAgAEgARAASAD5Vc2Vycy9ya25vdC9zY2llYm8vbWF0aC9sYXRleC9tb3JlX21hdGhfaW50b19sYXRleF9ncmF0emVyLnBkZgATAAEvAAAVAAIADP//AAAACAANABoAJABlAAAAAAAAAgEAAAAAAAAABQAAAAAAAAAAAAAAAAAAAgM=}}

@book{practical_latex_gratzer,
	author = {George Gr{\"a}tzer},
	date-added = {2023-08-21 20:29:32 +0200},
	date-modified = {2023-08-21 20:29:58 +0200},
	doi = {10.1007/978-3-319-06425-3},
	publisher = {Springer International Publishing},
	title = {Practical {LaTeX}},
	url = {https://doi.org/10.1007%2F978-3-319-06425-3},
	year = 2014,
	bdsk-file-1 = {YnBsaXN0MDDSAQIDBFxyZWxhdGl2ZVBhdGhZYWxpYXNEYXRhXxA5Li4vLi4vLi4vLi4vc2NpZWJvL21hdGgvbGF0ZXgvcHJhY3RpY2FsX2xhdGV4X2dyYXR6ZXIucGRmTxEBiAAAAAABiAACAAAMTWFjaW50b3NoIEhEAAAAAAAAAAAAAAAAAAAA4NLl1kJEAAH/////G3ByYWN0aWNhbF9sYXRleF9ncmF0emVyLnBkZgAAAAAAAAAAAAAAAAAAAAAAAAAAAAAAAAAAAAAAAAAAAAAAAP/////gqXxEAAAAAAAAAAAABAAEAAAKIGN1AAAAAAAAAAAAAAAAAAVsYXRleAAAAgA7LzpVc2Vyczpya25vdDpzY2llYm86bWF0aDpsYXRleDpwcmFjdGljYWxfbGF0ZXhfZ3JhdHplci5wZGYAAA4AOAAbAHAAcgBhAGMAdABpAGMAYQBsAF8AbABhAHQAZQB4AF8AZwByAGEAdAB6AGUAcgAuAHAAZABmAA8AGgAMAE0AYQBjAGkAbgB0AG8AcwBoACAASABEABIAOVVzZXJzL3Jrbm90L3NjaWViby9tYXRoL2xhdGV4L3ByYWN0aWNhbF9sYXRleF9ncmF0emVyLnBkZgAAEwABLwAAFQACAAz//wAAAAgADQAaACQAYAAAAAAAAAIBAAAAAAAAAAUAAAAAAAAAAAAAAAAAAAHs}}

@book{latex_lamport,
	author = {Leslie Lamport},
	date-added = {2023-08-21 20:27:00 +0200},
	date-modified = {2023-08-21 20:28:35 +0200},
	edition = {2},
	title = {LaTeX: A Document Preparation System},
	year = {1994},
	bdsk-file-1 = {YnBsaXN0MDDSAQIDBFxyZWxhdGl2ZVBhdGhZYWxpYXNEYXRhXxAvLi4vLi4vLi4vLi4vc2NpZWJvL21hdGgvbGF0ZXgvbGF0ZXhfbGFtcG9ydC5wZGZPEQFgAAAAAAFgAAIAAAxNYWNpbnRvc2ggSEQAAAAAAAAAAAAAAAAAAADg0uXWQkQAAf////8RbGF0ZXhfbGFtcG9ydC5wZGYAAAAAAAAAAAAAAAAAAAAAAAAAAAAAAAAAAAAAAAAAAAAAAAAAAAAAAAAAAAAA/////+CsjocAAAAAAAAAAAAEAAQAAAogY3UAAAAAAAAAAAAAAAAABWxhdGV4AAACADEvOlVzZXJzOnJrbm90OnNjaWVibzptYXRoOmxhdGV4OmxhdGV4X2xhbXBvcnQucGRmAAAOACQAEQBsAGEAdABlAHgAXwBsAGEAbQBwAG8AcgB0AC4AcABkAGYADwAaAAwATQBhAGMAaQBuAHQAbwBzAGgAIABIAEQAEgAvVXNlcnMvcmtub3Qvc2NpZWJvL21hdGgvbGF0ZXgvbGF0ZXhfbGFtcG9ydC5wZGYAABMAAS8AABUAAgAM//8AAAAIAA0AGgAkAFYAAAAAAAACAQAAAAAAAAAFAAAAAAAAAAAAAAAAAAABug==}}

@book{the_texbook_knuth,
	author = {Donald Ervin Knuth},
	date-added = {2023-08-21 20:24:24 +0200},
	date-modified = {2023-08-21 20:26:48 +0200},
	publisher = {Addison-Wesley},
	title = {Computers & Typesetting, Volume A: The TeXbook},
	year = {1986},
	bdsk-file-1 = {YnBsaXN0MDDSAQIDBFxyZWxhdGl2ZVBhdGhZYWxpYXNEYXRhXxAzLi4vLi4vLi4vLi4vc2NpZWJvL21hdGgvbGF0ZXgvdGhlX3RleGJvb2tfa251dGgucGRmTxEBcAAAAAABcAACAAAMTWFjaW50b3NoIEhEAAAAAAAAAAAAAAAAAAAA4NLl1kJEAAH/////FXRoZV90ZXhib29rX2tudXRoLnBkZgAAAAAAAAAAAAAAAAAAAAAAAAAAAAAAAAAAAAAAAAAAAAAAAAAAAAAAAP/////fmR27AAAAAAAAAAAABAAEAAAKIGN1AAAAAAAAAAAAAAAAAAVsYXRleAAAAgA1LzpVc2Vyczpya25vdDpzY2llYm86bWF0aDpsYXRleDp0aGVfdGV4Ym9va19rbnV0aC5wZGYAAA4ALAAVAHQAaABlAF8AdABlAHgAYgBvAG8AawBfAGsAbgB1AHQAaAAuAHAAZABmAA8AGgAMAE0AYQBjAGkAbgB0AG8AcwBoACAASABEABIAM1VzZXJzL3Jrbm90L3NjaWViby9tYXRoL2xhdGV4L3RoZV90ZXhib29rX2tudXRoLnBkZgAAEwABLwAAFQACAAz//wAAAAgADQAaACQAWgAAAAAAAAIBAAAAAAAAAAUAAAAAAAAAAAAAAAAAAAHO}}

@book{learning_latex_higham,
	address = {Philadelphia, PA},
	author = {Griffiths, David F. and Higham, Desmond J.},
	date-added = {2023-08-21 20:20:53 +0200},
	date-modified = {2023-08-21 20:21:15 +0200},
	doi = {10.1137/1.9781611974423},
	eprint = {https://epubs.siam.org/doi/pdf/10.1137/1.9781611974423},
	publisher = {Society for Industrial and Applied Mathematics},
	title = {Learning LaTeX, 2nd Edition},
	url = {https://epubs.siam.org/doi/abs/10.1137/1.9781611974423},
	year = {2016},
	bdsk-file-1 = {YnBsaXN0MDDSAQIDBFxyZWxhdGl2ZVBhdGhZYWxpYXNEYXRhXxBQLi4vLi4vLi4vLi4vc2NpZWJvL21hdGgvbGF0ZXgvbGVhcm5pbmdfbGF0ZXhfZ3JpZmZpdGhzX2hpZ2hhbV9zZWNvbmRfZWRpdGlvbi5wZGZPEQHiAAAAAAHiAAIAAAxNYWNpbnRvc2ggSEQAAAAAAAAAAAAAAAAAAADg0uXWQkQAAf////8fbGVhcm5pbmdfbGF0ZXhfZ3JpI0ZGRkZGRkZGLnBkZgAAAAAAAAAAAAAAAAAAAAAAAAAAAAAAAAAAAAAAAAAA/////9+ZHO4AAAAAAAAAAAAEAAQAAAogY3UAAAAAAAAAAAAAAAAABWxhdGV4AAACAFIvOlVzZXJzOnJrbm90OnNjaWVibzptYXRoOmxhdGV4OmxlYXJuaW5nX2xhdGV4X2dyaWZmaXRoc19oaWdoYW1fc2Vjb25kX2VkaXRpb24ucGRmAA4AZgAyAGwAZQBhAHIAbgBpAG4AZwBfAGwAYQB0AGUAeABfAGcAcgBpAGYAZgBpAHQAaABzAF8AaABpAGcAaABhAG0AXwBzAGUAYwBvAG4AZABfAGUAZABpAHQAaQBvAG4ALgBwAGQAZgAPABoADABNAGEAYwBpAG4AdABvAHMAaAAgAEgARAASAFBVc2Vycy9ya25vdC9zY2llYm8vbWF0aC9sYXRleC9sZWFybmluZ19sYXRleF9ncmlmZml0aHNfaGlnaGFtX3NlY29uZF9lZGl0aW9uLnBkZgATAAEvAAAVAAIADP//AAAACAANABoAJAB3AAAAAAAAAgEAAAAAAAAABQAAAAAAAAAAAAAAAAAAAl0=}}

@book{numerical_optimization_wright,
	author = {Jorge Nocedal and Stephen J. Wright},
	date-added = {2023-08-21 16:27:50 +0200},
	date-modified = {2023-08-21 16:28:36 +0200},
	doi = {10.1007/978-0-387-40065-5},
	edition = {2},
	publisher = {Springer New York},
	title = {Numerical Optimization},
	url = {https://doi.org/10.1007%2F978-0-387-40065-5},
	year = 2006,
	bdsk-file-1 = {YnBsaXN0MDDSAQIDBFxyZWxhdGl2ZVBhdGhZYWxpYXNEYXRhXxBKLi4vLi4vLi4vLi4vc2NpZWJvL21hdGgvYW5hbHlzaXMvbnVtZXJpY2FsX29wdGltaXphdGlvbl9ub2NlZGFsX3dyaWdodC5wZGZPEQHGAAAAAAHGAAIAAAxNYWNpbnRvc2ggSEQAAAAAAAAAAAAAAAAAAADg0uXWQkQAAf////8fbnVtZXJpY2FsX29wdGltaXphI0ZGRkZGRkZGLnBkZgAAAAAAAAAAAAAAAAAAAAAAAAAAAAAAAAAAAAAAAAAA/////96MPTUAAAAAAAAAAAAEAAQAAAogY3UAAAAAAAAAAAAAAAAACGFuYWx5c2lzAAIATC86VXNlcnM6cmtub3Q6c2NpZWJvOm1hdGg6YW5hbHlzaXM6bnVtZXJpY2FsX29wdGltaXphdGlvbl9ub2NlZGFsX3dyaWdodC5wZGYADgBUACkAbgB1AG0AZQByAGkAYwBhAGwAXwBvAHAAdABpAG0AaQB6AGEAdABpAG8AbgBfAG4AbwBjAGUAZABhAGwAXwB3AHIAaQBnAGgAdAAuAHAAZABmAA8AGgAMAE0AYQBjAGkAbgB0AG8AcwBoACAASABEABIASlVzZXJzL3Jrbm90L3NjaWViby9tYXRoL2FuYWx5c2lzL251bWVyaWNhbF9vcHRpbWl6YXRpb25fbm9jZWRhbF93cmlnaHQucGRmABMAAS8AABUAAgAM//8AAAAIAA0AGgAkAHEAAAAAAAACAQAAAAAAAAAFAAAAAAAAAAAAAAAAAAACOw==}}

@book{convex_optimization_boyd,
	author = {Stephen Boyd and Lieven Vandenberghe},
	date-added = {2023-08-21 15:48:53 +0200},
	date-modified = {2023-08-21 15:50:01 +0200},
	publisher = {Cambridge University Press},
	title = {Convex Optimization},
	year = {2004},
	bdsk-file-1 = {YnBsaXN0MDDSAQIDBFxyZWxhdGl2ZVBhdGhZYWxpYXNEYXRhXxBKLi4vLi4vLi4vLi4vc2NpZWJvL21hdGgvYW5hbHlzaXMvY29udmV4X29wdGltaXphdGlvbl9ib3lkX3ZhbmRlbmJlcmdoZS5wZGZPEQHGAAAAAAHGAAIAAAxNYWNpbnRvc2ggSEQAAAAAAAAAAAAAAAAAAADg0uXWQkQAAf////8fY29udmV4X29wdGltaXphdGlvI0ZGRkZGRkZGLnBkZgAAAAAAAAAAAAAAAAAAAAAAAAAAAAAAAAAAAAAAAAAA/////96MPXgAAAAAAAAAAAAEAAQAAAogY3UAAAAAAAAAAAAAAAAACGFuYWx5c2lzAAIATC86VXNlcnM6cmtub3Q6c2NpZWJvOm1hdGg6YW5hbHlzaXM6Y29udmV4X29wdGltaXphdGlvbl9ib3lkX3ZhbmRlbmJlcmdoZS5wZGYADgBUACkAYwBvAG4AdgBlAHgAXwBvAHAAdABpAG0AaQB6AGEAdABpAG8AbgBfAGIAbwB5AGQAXwB2AGEAbgBkAGUAbgBiAGUAcgBnAGgAZQAuAHAAZABmAA8AGgAMAE0AYQBjAGkAbgB0AG8AcwBoACAASABEABIASlVzZXJzL3Jrbm90L3NjaWViby9tYXRoL2FuYWx5c2lzL2NvbnZleF9vcHRpbWl6YXRpb25fYm95ZF92YW5kZW5iZXJnaGUucGRmABMAAS8AABUAAgAM//8AAAAIAA0AGgAkAHEAAAAAAAACAQAAAAAAAAAFAAAAAAAAAAAAAAAAAAACOw==}}

@article{reshaped_and_incrementally_reshaped_wirtinger_flow,
	abstract = {We study the phase retrieval problem, which solves quadratic system of equations, i.e., recovers a vector $\boldsymbol{x}\in \mathbb{R}^n$ from its magnitude measurements $y_i=|\langle \boldsymbol{a}_i, \boldsymbol{x}\rangle|, i=1,..., m$. We develop a gradient-like algorithm (referred to as RWF representing reshaped Wirtinger flow) by minimizing a nonconvex nonsmooth loss function. In comparison with existing nonconvex Wirtinger flow (WF) algorithm \cite{candes2015phase}, although the loss function becomes nonsmooth, it involves only the second power of variable and hence reduces the complexity. We show that for random Gaussian measurements, RWF enjoys geometric convergence to a global optimal point as long as the number $m$ of measurements is on the order of $n$, the dimension of the unknown $\boldsymbol{x}$. This improves the sample complexity of WF, and achieves the same sample complexity as truncated Wirtinger flow (TWF) \cite{chen2015solving}, but without truncation in gradient loop. Furthermore, RWF costs less computationally than WF, and runs faster numerically than both WF and TWF. We further develop the incremental (stochastic) reshaped Wirtinger flow (IRWF) and show that IRWF converges linearly to the true signal. We further establish performance guarantee of an existing Kaczmarz method for the phase retrieval problem based on its connection to IRWF. We also empirically demonstrate that IRWF outperforms existing ITWF algorithm (stochastic version of TWF) as well as other batch algorithms.},
	author = {Huishuai Zhang and Yi Zhou and Yingbin Liang and Yuejie Chi},
	date-added = {2023-08-21 15:31:15 +0200},
	date-modified = {2023-08-21 15:31:55 +0200},
	eprint = {1605.07719},
	month = {05},
	title = {Reshaped Wirtinger Flow and Incremental Algorithm for Solving Quadratic System of Equations},
	url = {https://arxiv.org/pdf/1605.07719.pdf},
	year = {2016},
	bdsk-file-1 = {YnBsaXN0MDDSAQIDBFxyZWxhdGl2ZVBhdGhZYWxpYXNEYXRhXxAzLi4vLi4vLi4vLi4vc2NpZWJvL3RoZXNpcy9wYXBlcnMvcndmX2lyd2ZfYXJ4aXYucGRmTxEBagAAAAABagACAAAMTWFjaW50b3NoIEhEAAAAAAAAAAAAAAAAAAAA4NLl1kJEAAH/////EnJ3Zl9pcndmX2FyeGl2LnBkZgAAAAAAAAAAAAAAAAAAAAAAAAAAAAAAAAAAAAAAAAAAAAAAAAAAAAAAAAAAAP/////gNNLtAAAAAAAAAAAABAAEAAAKIGN1AAAAAAAAAAAAAAAAAAZwYXBlcnMAAgA1LzpVc2Vyczpya25vdDpzY2llYm86dGhlc2lzOnBhcGVyczpyd2ZfaXJ3Zl9hcnhpdi5wZGYAAA4AJgASAHIAdwBmAF8AaQByAHcAZgBfAGEAcgB4AGkAdgAuAHAAZABmAA8AGgAMAE0AYQBjAGkAbgB0AG8AcwBoACAASABEABIAM1VzZXJzL3Jrbm90L3NjaWViby90aGVzaXMvcGFwZXJzL3J3Zl9pcndmX2FyeGl2LnBkZgAAEwABLwAAFQACAAz//wAAAAgADQAaACQAWgAAAAAAAAIBAAAAAAAAAAUAAAAAAAAAAAAAAAAAAAHI}}

@article{phase_pack,
	abstract = {Phase retrieval deals with the estimation of complex-valued signals solely from the magnitudes of linear measurements. While there has been a recent explosion in the development of phase retrieval algorithms, the lack of a common interface has made it difficult to compare new methods against the state-of-the-art. The purpose of PhasePack is to create a common software interface for a wide range of phase retrieval algorithms and to provide a common testbed using both synthetic data and empirical imaging datasets. PhasePack is able to benchmark a large number of recent phase retrieval methods against one another to generate comparisons using a range of different performance metrics. The software package handles single method testing as well as multiple method comparisons. 
The algorithm implementations in PhasePack differ slightly from their original descriptions in the literature in order to achieve faster speed and improved robustness. In particular, PhasePack uses adaptive stepsizes, line-search methods, and fast eigensolvers to speed up and automate convergence.},
	author = {Rohan Chandra and Ziyuan Zhong and Justin Hontz and Val McCulloch and Christoph Studer and Tom Goldstein},
	date-added = {2023-08-21 15:28:37 +0200},
	date-modified = {2023-08-21 15:28:56 +0200},
	eprint = {1711.10175},
	month = {11},
	title = {PhasePack: A Phase Retrieval Library},
	url = {https://arxiv.org/pdf/1711.10175.pdf},
	year = {2017},
	bdsk-file-1 = {YnBsaXN0MDDSAQIDBFxyZWxhdGl2ZVBhdGhZYWxpYXNEYXRhXxAuLi4vLi4vLi4vLi4vc2NpZWJvL3RoZXNpcy9wYXBlcnMvUGhhc2VQYWNrLnBkZk8RAVQAAAAAAVQAAgAADE1hY2ludG9zaCBIRAAAAAAAAAAAAAAAAAAAAODS5dZCRAAB/////w1QaGFzZVBhY2sucGRmAAAAAAAAAAAAAAAAAAAAAAAAAAAAAAAAAAAAAAAAAAAAAAAAAAAAAAAAAAAAAAAAAAD/////4OlhxAAAAAAAAAAAAAQABAAACiBjdQAAAAAAAAAAAAAAAAAGcGFwZXJzAAIAMC86VXNlcnM6cmtub3Q6c2NpZWJvOnRoZXNpczpwYXBlcnM6UGhhc2VQYWNrLnBkZgAOABwADQBQAGgAYQBzAGUAUABhAGMAawAuAHAAZABmAA8AGgAMAE0AYQBjAGkAbgB0AG8AcwBoACAASABEABIALlVzZXJzL3Jrbm90L3NjaWViby90aGVzaXMvcGFwZXJzL1BoYXNlUGFjay5wZGYAEwABLwAAFQACAAz//wAAAAgADQAaACQAVQAAAAAAAAIBAAAAAAAAAAUAAAAAAAAAAAAAAAAAAAGt}}

@inproceedings{wirtinger_flow_variants_survey,
	author = {Liu, Jian-Wei and Cao, Zhi-Juan and Liu, Jing and Luo, Xiong-Lin and Li, Wei-Min and Ito, Nobuyasu and Guo, Long-Chuan},
	booktitle = {2019 International Conference on Machine Learning and Cybernetics (ICMLC)},
	date-added = {2023-08-21 15:25:55 +0200},
	date-modified = {2023-08-21 15:26:19 +0200},
	doi = {10.1109/ICMLC48188.2019.8949170},
	pages = {1-9},
	title = {Phase Retrieval via Wirtinger Flow Algorithm and Its Variants},
	year = {2019},
	bdsk-file-1 = {YnBsaXN0MDDSAQIDBFxyZWxhdGl2ZVBhdGhZYWxpYXNEYXRhXxBiLi4vLi4vLi4vLi4vc2NpZWJvL3RoZXNpcy9wYXBlcnMvUGhhc2VfUmV0cmlldmFsX3ZpYV9XaXJ0aW5nZXJfRmxvd19BbGdvcml0aG1fYW5kX0l0c19WYXJpYW50cy5wZGZPEQIkAAAAAAIkAAIAAAxNYWNpbnRvc2ggSEQAAAAAAAAAAAAAAAAAAADg0uXWQkQAAf////8fUGhhc2VfUmV0cmlldmFsX3ZpI0ZGRkZGRkZGLnBkZgAAAAAAAAAAAAAAAAAAAAAAAAAAAAAAAAAAAAAAAAAA/////+DpX/0AAAAAAAAAAAAEAAQAAAogY3UAAAAAAAAAAAAAAAAABnBhcGVycwACAGQvOlVzZXJzOnJrbm90OnNjaWVibzp0aGVzaXM6cGFwZXJzOlBoYXNlX1JldHJpZXZhbF92aWFfV2lydGluZ2VyX0Zsb3dfQWxnb3JpdGhtX2FuZF9JdHNfVmFyaWFudHMucGRmAA4AhABBAFAAaABhAHMAZQBfAFIAZQB0AHIAaQBlAHYAYQBsAF8AdgBpAGEAXwBXAGkAcgB0AGkAbgBnAGUAcgBfAEYAbABvAHcAXwBBAGwAZwBvAHIAaQB0AGgAbQBfAGEAbgBkAF8ASQB0AHMAXwBWAGEAcgBpAGEAbgB0AHMALgBwAGQAZgAPABoADABNAGEAYwBpAG4AdABvAHMAaAAgAEgARAASAGJVc2Vycy9ya25vdC9zY2llYm8vdGhlc2lzL3BhcGVycy9QaGFzZV9SZXRyaWV2YWxfdmlhX1dpcnRpbmdlcl9GbG93X0FsZ29yaXRobV9hbmRfSXRzX1ZhcmlhbnRzLnBkZgATAAEvAAAVAAIADP//AAAACAANABoAJACJAAAAAAAAAgEAAAAAAAAABQAAAAAAAAAAAAAAAAAAArE=}}

@article{incrementaly_truncated_wirtinger_flow,
	abstract = {In the phase retrieval problem, an unknown vector is to be recovered given quadratic measurements. This problem has received considerable attention in recent times. In this paper, we present an algorithm to solve a nonconvex formulation of the phase retrieval problem, that we call $\textit{Incremental Truncated Wirtinger Flow}$. Given random Gaussian sensing vectors, we prove that it converges linearly to the solution, with an optimal sample complexity. We also provide stability guarantees of the algorithm under noisy measurements. Performance and comparisons with existing algorithms are illustrated via numerical experiments on simulated and real data, with both random and structured sensing vectors.},
	author = {Ritesh Kolte and Ayfer {\"O}zg{\"u}r},
	date-added = {2023-08-21 15:20:44 +0200},
	date-modified = {2023-08-21 15:22:24 +0200},
	eprint = {1606.03196},
	month = {06},
	title = {Phase Retrieval via Incremental Truncated Wirtinger Flow},
	url = {https://arxiv.org/pdf/1606.03196.pdf},
	year = {2016},
	bdsk-file-1 = {YnBsaXN0MDDSAQIDBFxyZWxhdGl2ZVBhdGhZYWxpYXNEYXRhXxAvLi4vLi4vLi4vLi4vc2NpZWJvL3RoZXNpcy9wYXBlcnMvMTYwNi4wMzE5Ni5wZGZPEQFaAAAAAAFaAAIAAAxNYWNpbnRvc2ggSEQAAAAAAAAAAAAAAAAAAADg0uXWQkQAAf////8OMTYwNi4wMzE5Ni5wZGYAAAAAAAAAAAAAAAAAAAAAAAAAAAAAAAAAAAAAAAAAAAAAAAAAAAAAAAAAAAAAAAAA/////+EJMTYAAAAAAAAAAAAEAAQAAAogY3UAAAAAAAAAAAAAAAAABnBhcGVycwACADEvOlVzZXJzOnJrbm90OnNjaWVibzp0aGVzaXM6cGFwZXJzOjE2MDYuMDMxOTYucGRmAAAOAB4ADgAxADYAMAA2AC4AMAAzADEAOQA2AC4AcABkAGYADwAaAAwATQBhAGMAaQBuAHQAbwBzAGgAIABIAEQAEgAvVXNlcnMvcmtub3Qvc2NpZWJvL3RoZXNpcy9wYXBlcnMvMTYwNi4wMzE5Ni5wZGYAABMAAS8AABUAAgAM//8AAAAIAA0AGgAkAFYAAAAAAAACAQAAAAAAAAAFAAAAAAAAAAAAAAAAAAABtA==}}

@article{truncated_wirtinger_flow,
	abstract = {We consider the fundamental problem of solving quadratic systems of equations in $n$ variables, where $y_i = |\langle \boldsymbol{a}_i, \boldsymbol{x} \rangle|^2$, $i = 1, \ldots, m$ and $\boldsymbol{x} \in \mathbb{R}^n$ is unknown. We propose a novel method, which starting with an initial guess computed by means of a spectral method, proceeds by minimizing a nonconvex functional as in the Wirtinger flow approach. There are several key distinguishing features, most notably, a distinct objective functional and novel update rules, which operate in an adaptive fashion and drop terms bearing too much influence on the search direction. These careful selection rules provide a tighter initial guess, better descent directions, and thus enhanced practical performance. On the theoretical side, we prove that for certain unstructured models of quadratic systems, our algorithms return the correct solution in linear time, i.e. in time proportional to reading the data $\{\boldsymbol{a}_i\}$ and $\{y_i\}$ as soon as the ratio $m/n$ between the number of equations and unknowns exceeds a fixed numerical constant. We extend the theory to deal with noisy systems in which we only have $y_i \approx |\langle \boldsymbol{a}_i, \boldsymbol{x} \rangle|^2$ and prove that our algorithms achieve a statistical accuracy, which is nearly un-improvable. We complement our theoretical study with numerical examples showing that solving random quadratic systems is both computationally and statistically not much harder than solving linear systems of the same size---hence the title of this paper. For instance, we demonstrate empirically that the computational cost of our algorithm is about four times that of solving a least-squares problem of the same size.},
	author = {Yuxin Chen and Emmanuel J. Candes},
	date-added = {2023-08-21 15:18:40 +0200},
	date-modified = {2023-08-21 15:18:58 +0200},
	eprint = {1505.05114},
	month = {05},
	title = {Solving Random Quadratic Systems of Equations Is Nearly as Easy as Solving Linear Systems},
	url = {https://arxiv.org/pdf/1505.05114.pdf},
	year = {2015},
	bdsk-file-1 = {YnBsaXN0MDDSAQIDBFxyZWxhdGl2ZVBhdGhZYWxpYXNEYXRhXxAvLi4vLi4vLi4vLi4vc2NpZWJvL3RoZXNpcy9wYXBlcnMvMTUwNS4wNTExNC5wZGZPEQFaAAAAAAFaAAIAAAxNYWNpbnRvc2ggSEQAAAAAAAAAAAAAAAAAAADg0uXWQkQAAf////8OMTUwNS4wNTExNC5wZGYAAAAAAAAAAAAAAAAAAAAAAAAAAAAAAAAAAAAAAAAAAAAAAAAAAAAAAAAAAAAAAAAA/////+EJMPoAAAAAAAAAAAAEAAQAAAogY3UAAAAAAAAAAAAAAAAABnBhcGVycwACADEvOlVzZXJzOnJrbm90OnNjaWVibzp0aGVzaXM6cGFwZXJzOjE1MDUuMDUxMTQucGRmAAAOAB4ADgAxADUAMAA1AC4AMAA1ADEAMQA0AC4AcABkAGYADwAaAAwATQBhAGMAaQBuAHQAbwBzAGgAIABIAEQAEgAvVXNlcnMvcmtub3Qvc2NpZWJvL3RoZXNpcy9wYXBlcnMvMTUwNS4wNTExNC5wZGYAABMAAS8AABUAAgAM//8AAAAIAA0AGgAkAFYAAAAAAAACAQAAAAAAAAAFAAAAAAAAAAAAAAAAAAABtA==}}

@article{wirtinger_flow_cadnes,
	abstract = {We study the problem of recovering the phase from magnitude measurements; specifically, we wish to reconstruct a complex-valued signal x of C^n about which we have phaseless samples of the form y_r = |< a_r,x >|^2, r = 1,2,...,m (knowledge of the phase of these samples would yield a linear system). This paper develops a non-convex formulation of the phase retrieval problem as well as a concrete solution algorithm. In a nutshell, this algorithm starts with a careful initialization obtained by means of a spectral method, and then refines this initial estimate by iteratively applying novel update rules, which have low computational complexity, much like in a gradient descent scheme. The main contribution is that this algorithm is shown to rigorously allow the exact retrieval of phase information from a nearly minimal number of random measurements. Indeed, the sequence of successive iterates provably converges to the solution at a geometric rate so that the proposed scheme is efficient both in terms of computational and data resources. In theory, a variation on this scheme leads to a near-linear time algorithm for a physically realizable model based on coded diffraction patterns. We illustrate the effectiveness of our methods with various experiments on image data. Underlying our analysis are insights for the analysis of non-convex optimization schemes that may have implications for computational problems beyond phase retrieval.},
	author = {Emmanuel Candes and Xiaodong Li and Mahdi Soltanolkotabi},
	date-added = {2023-08-18 17:36:23 +0200},
	date-modified = {2023-08-18 17:37:35 +0200},
	doi = {https://doi.org/10.1109/TIT.2015.2399924},
	eprint = {1407.1065},
	month = {07},
	rating = {1},
	read = {0},
	title = {Phase Retrieval via Wirtinger Flow: Theory and Algorithms},
	url = {https://arxiv.org/pdf/1407.1065.pdf},
	year = {2014},
	bdsk-file-1 = {YnBsaXN0MDDSAQIDBFxyZWxhdGl2ZVBhdGhZYWxpYXNEYXRhXxAuLi4vLi4vLi4vLi4vc2NpZWJvL3RoZXNpcy9wYXBlcnMvMTQwNy4xMDY1LnBkZk8RAVQAAAAAAVQAAgAADE1hY2ludG9zaCBIRAAAAAAAAAAAAAAAAAAAAODS5dZCRAAB/////w0xNDA3LjEwNjUucGRmAAAAAAAAAAAAAAAAAAAAAAAAAAAAAAAAAAAAAAAAAAAAAAAAAAAAAAAAAAAAAAAAAAD/////4QVdTAAAAAAAAAAAAAQABAAACiBjdQAAAAAAAAAAAAAAAAAGcGFwZXJzAAIAMC86VXNlcnM6cmtub3Q6c2NpZWJvOnRoZXNpczpwYXBlcnM6MTQwNy4xMDY1LnBkZgAOABwADQAxADQAMAA3AC4AMQAwADYANQAuAHAAZABmAA8AGgAMAE0AYQBjAGkAbgB0AG8AcwBoACAASABEABIALlVzZXJzL3Jrbm90L3NjaWViby90aGVzaXMvcGFwZXJzLzE0MDcuMTA2NS5wZGYAEwABLwAAFQACAAz//wAAAAgADQAaACQAVQAAAAAAAAIBAAAAAAAAAAUAAAAAAAAAAAAAAAAAAAGt}}

@book{grandpa_rudin,
	author = {Walter Rudin},
	date-added = {2023-08-18 17:30:06 +0200},
	date-modified = {2023-08-18 17:32:38 +0200},
	edition = {2},
	publisher = {McGraw-Hill},
	series = {International series in pure and applied mathematics},
	title = {Functional Analysis},
	year = {1991},
	bdsk-file-1 = {YnBsaXN0MDDSAQIDBFxyZWxhdGl2ZVBhdGhZYWxpYXNEYXRhXxBNLi4vLi4vLi4vLi4vc2NpZWJvL21hdGgvYW5hbHlzaXMvZnVuY3Rpb25hbF9hbmFseXNpc19ydWRpbl9zZWNvbmRfZWRpdGlvbi5wZGZPEQHUAAAAAAHUAAIAAAxNYWNpbnRvc2ggSEQAAAAAAAAAAAAAAAAAAADg0uXWQkQAAf////8fZnVuY3Rpb25hbF9hbmFseXNpI0ZGRkZGRkZGLnBkZgAAAAAAAAAAAAAAAAAAAAAAAAAAAAAAAAAAAAAAAAAA/////+B6kmIAAAAAAAAAAAAEAAQAAAogY3UAAAAAAAAAAAAAAAAACGFuYWx5c2lzAAIATy86VXNlcnM6cmtub3Q6c2NpZWJvOm1hdGg6YW5hbHlzaXM6ZnVuY3Rpb25hbF9hbmFseXNpc19ydWRpbl9zZWNvbmRfZWRpdGlvbi5wZGYAAA4AWgAsAGYAdQBuAGMAdABpAG8AbgBhAGwAXwBhAG4AYQBsAHkAcwBpAHMAXwByAHUAZABpAG4AXwBzAGUAYwBvAG4AZABfAGUAZABpAHQAaQBvAG4ALgBwAGQAZgAPABoADABNAGEAYwBpAG4AdABvAHMAaAAgAEgARAASAE1Vc2Vycy9ya25vdC9zY2llYm8vbWF0aC9hbmFseXNpcy9mdW5jdGlvbmFsX2FuYWx5c2lzX3J1ZGluX3NlY29uZF9lZGl0aW9uLnBkZgAAEwABLwAAFQACAAz//wAAAAgADQAaACQAdAAAAAAAAAIBAAAAAAAAAAUAAAAAAAAAAAAAAAAAAAJM}}

@book{papa_rudin,
	author = {Walter Rudin},
	date-added = {2023-08-18 17:26:50 +0200},
	date-modified = {2023-08-18 17:29:15 +0200},
	edition = {3},
	publisher = {McGraw-Hill},
	read = {0},
	title = {Real and Complex Analysis Real and Complex Analysis},
	year = {1987},
	bdsk-file-1 = {YnBsaXN0MDDSAQIDBFxyZWxhdGl2ZVBhdGhZYWxpYXNEYXRhXxBLLi4vLi4vLi4vLi4vc2NpZWJvL21hdGgvYW5hbHlzaXMvcmVhbF9hbmRfY29tcGxleF9hbmFseXNpc193YWx0ZXJfcnVkaW4ucGRmTxEBzAAAAAABzAACAAAMTWFjaW50b3NoIEhEAAAAAAAAAAAAAAAAAAAA4NLl1kJEAAH/////H3JlYWxfYW5kX2NvbXBsZXhfYSNGRkZGRkZGRi5wZGYAAAAAAAAAAAAAAAAAAAAAAAAAAAAAAAAAAAAAAAAAAP/////dqhlPAAAAAAAAAAAABAAEAAAKIGN1AAAAAAAAAAAAAAAAAAhhbmFseXNpcwACAE0vOlVzZXJzOnJrbm90OnNjaWVibzptYXRoOmFuYWx5c2lzOnJlYWxfYW5kX2NvbXBsZXhfYW5hbHlzaXNfd2FsdGVyX3J1ZGluLnBkZgAADgBWACoAcgBlAGEAbABfAGEAbgBkAF8AYwBvAG0AcABsAGUAeABfAGEAbgBhAGwAeQBzAGkAcwBfAHcAYQBsAHQAZQByAF8AcgB1AGQAaQBuAC4AcABkAGYADwAaAAwATQBhAGMAaQBuAHQAbwBzAGgAIABIAEQAEgBLVXNlcnMvcmtub3Qvc2NpZWJvL21hdGgvYW5hbHlzaXMvcmVhbF9hbmRfY29tcGxleF9hbmFseXNpc193YWx0ZXJfcnVkaW4ucGRmAAATAAEvAAAVAAIADP//AAAACAANABoAJAByAAAAAAAAAgEAAAAAAAAABQAAAAAAAAAAAAAAAAAAAkI=}}

@book{baby_rudin,
	author = {Walter Rudin},
	date-added = {2023-08-18 17:21:33 +0200},
	date-modified = {2023-08-18 17:24:53 +0200},
	edition = {3},
	publisher = {McGraw-Hill},
	series = {International series in pure and applied mathematics},
	title = {Principles of Mathematical Analysis},
	year = {1976},
	bdsk-file-1 = {YnBsaXN0MDDSAQIDBFxyZWxhdGl2ZVBhdGhZYWxpYXNEYXRhXxBVLi4vLi4vLi4vLi4vc2NpZWJvL21hdGgvYW5hbHlzaXMvcHJpbmNpcGxlc19vZl9tYXRoZW1hdGljYWxfYW5hbHlzaXNfd2FsdGVyX3J1ZGluLnBkZk8RAfQAAAAAAfQAAgAADE1hY2ludG9zaCBIRAAAAAAAAAAAAAAAAAAAAODS5dZCRAAB/////x9wcmluY2lwbGVzX29mX21hdGgjRkZGRkZGRkYucGRmAAAAAAAAAAAAAAAAAAAAAAAAAAAAAAAAAAAAAAAAAAD/////3aobLwAAAAAAAAAAAAQABAAACiBjdQAAAAAAAAAAAAAAAAAIYW5hbHlzaXMAAgBXLzpVc2Vyczpya25vdDpzY2llYm86bWF0aDphbmFseXNpczpwcmluY2lwbGVzX29mX21hdGhlbWF0aWNhbF9hbmFseXNpc193YWx0ZXJfcnVkaW4ucGRmAAAOAGoANABwAHIAaQBuAGMAaQBwAGwAZQBzAF8AbwBmAF8AbQBhAHQAaABlAG0AYQB0AGkAYwBhAGwAXwBhAG4AYQBsAHkAcwBpAHMAXwB3AGEAbAB0AGUAcgBfAHIAdQBkAGkAbgAuAHAAZABmAA8AGgAMAE0AYQBjAGkAbgB0AG8AcwBoACAASABEABIAVVVzZXJzL3Jrbm90L3NjaWViby9tYXRoL2FuYWx5c2lzL3ByaW5jaXBsZXNfb2ZfbWF0aGVtYXRpY2FsX2FuYWx5c2lzX3dhbHRlcl9ydWRpbi5wZGYAABMAAS8AABUAAgAM//8AAAAIAA0AGgAkAHwAAAAAAAACAQAAAAAAAAAFAAAAAAAAAAAAAAAAAAACdA==}}

@book{signal_miller,
	author = {Steven B. Damelin and Willard Miller, Jr},
	date-added = {2023-08-18 17:06:54 +0200},
	date-modified = {2023-08-18 17:11:06 +0200},
	publisher = {Cambridge University Press},
	title = {The Mathematics of Signal Processing The Mathematics of Signal Processing},
	year = {2011},
	bdsk-file-1 = {YnBsaXN0MDDSAQIDBFxyZWxhdGl2ZVBhdGhZYWxpYXNEYXRhXxCfLi4vLi4vLi4vLi4vc2NpZWJvL21hdGgvaW1hZ2VfcHJvY2Vzc2luZy9tYXRoZW1hdGljYWxfbWV0aG9kc19pbl9zaWduYWxfYW5kX2ltYWdlX3Byb2Nlc3NpbmcvcmVmZXJlbmNlcy90aGVfbWF0aGVtYXRpY3Nfb2Zfc2lnbmFsX3Byb2Nlc3NpbmdfZGFtZWxpbl9taWxsZXIucGRmTxECkAAAAAACkAACAAAMTWFjaW50b3NoIEhEAAAAAAAAAAAAAAAAAAAA4NLl1kJEAAH/////H3RoZV9tYXRoZW1hdGljc19vZiNGRkZGRkZGRi5wZGYAAAAAAAAAAAAAAAAAAAAAAAAAAAAAAAAAAAAAAAAAAP/////deLExAAAAAAAAAAAABAAGAAAKIGN1AAAAAAAAAAAAAAAAAApyZWZlcmVuY2VzAAIAoS86VXNlcnM6cmtub3Q6c2NpZWJvOm1hdGg6aW1hZ2VfcHJvY2Vzc2luZzptYXRoZW1hdGljYWxfbWV0aG9kc19pbl9zaWduYWxfYW5kX2ltYWdlX3Byb2Nlc3Npbmc6cmVmZXJlbmNlczp0aGVfbWF0aGVtYXRpY3Nfb2Zfc2lnbmFsX3Byb2Nlc3NpbmdfZGFtZWxpbl9taWxsZXIucGRmAAAOAHAANwB0AGgAZQBfAG0AYQB0AGgAZQBtAGEAdABpAGMAcwBfAG8AZgBfAHMAaQBnAG4AYQBsAF8AcAByAG8AYwBlAHMAcwBpAG4AZwBfAGQAYQBtAGUAbABpAG4AXwBtAGkAbABsAGUAcgAuAHAAZABmAA8AGgAMAE0AYQBjAGkAbgB0AG8AcwBoACAASABEABIAn1VzZXJzL3Jrbm90L3NjaWViby9tYXRoL2ltYWdlX3Byb2Nlc3NpbmcvbWF0aGVtYXRpY2FsX21ldGhvZHNfaW5fc2lnbmFsX2FuZF9pbWFnZV9wcm9jZXNzaW5nL3JlZmVyZW5jZXMvdGhlX21hdGhlbWF0aWNzX29mX3NpZ25hbF9wcm9jZXNzaW5nX2RhbWVsaW5fbWlsbGVyLnBkZgAAEwABLwAAFQACAAz//wAAAAgADQAaACQAxgAAAAAAAAIBAAAAAAAAAAUAAAAAAAAAAAAAAAAAAANa}}

@book{image_processing_bredies,
	author = {Kristian Bredies and Dirk Lorenz},
	date-added = {2023-08-18 17:00:28 +0200},
	date-modified = {2023-08-18 17:00:47 +0200},
	doi = {10.1007/978-3-030-01458-2},
	publisher = {Springer International Publishing},
	title = {Mathematical Image Processing},
	url = {https://doi.org/10.1007%2F978-3-030-01458-2},
	year = 2018,
	bdsk-file-1 = {YnBsaXN0MDDSAQIDBFxyZWxhdGl2ZVBhdGhZYWxpYXNEYXRhXxCYLi4vLi4vLi4vLi4vc2NpZWJvL21hdGgvaW1hZ2VfcHJvY2Vzc2luZy9tYXRoZW1hdGljYWxfbWV0aG9kc19pbl9zaWduYWxfYW5kX2ltYWdlX3Byb2Nlc3NpbmcvcmVmZXJlbmNlcy9tYXRoZW1hdGljYWxfaW1hZ2VfcHJvY2Vzc2luZ19icmVkaWVzX2xvcmVuei5wZGZPEQJyAAAAAAJyAAIAAAxNYWNpbnRvc2ggSEQAAAAAAAAAAAAAAAAAAADg0uXWQkQAAf////8fbWF0aGVtYXRpY2FsX2ltYWdlI0ZGRkZGRkZGLnBkZgAAAAAAAAAAAAAAAAAAAAAAAAAAAAAAAAAAAAAAAAAA/////92FJMIAAAAAAAAAAAAEAAYAAAogY3UAAAAAAAAAAAAAAAAACnJlZmVyZW5jZXMAAgCaLzpVc2Vyczpya25vdDpzY2llYm86bWF0aDppbWFnZV9wcm9jZXNzaW5nOm1hdGhlbWF0aWNhbF9tZXRob2RzX2luX3NpZ25hbF9hbmRfaW1hZ2VfcHJvY2Vzc2luZzpyZWZlcmVuY2VzOm1hdGhlbWF0aWNhbF9pbWFnZV9wcm9jZXNzaW5nX2JyZWRpZXNfbG9yZW56LnBkZgAOAGIAMABtAGEAdABoAGUAbQBhAHQAaQBjAGEAbABfAGkAbQBhAGcAZQBfAHAAcgBvAGMAZQBzAHMAaQBuAGcAXwBiAHIAZQBkAGkAZQBzAF8AbABvAHIAZQBuAHoALgBwAGQAZgAPABoADABNAGEAYwBpAG4AdABvAHMAaAAgAEgARAASAJhVc2Vycy9ya25vdC9zY2llYm8vbWF0aC9pbWFnZV9wcm9jZXNzaW5nL21hdGhlbWF0aWNhbF9tZXRob2RzX2luX3NpZ25hbF9hbmRfaW1hZ2VfcHJvY2Vzc2luZy9yZWZlcmVuY2VzL21hdGhlbWF0aWNhbF9pbWFnZV9wcm9jZXNzaW5nX2JyZWRpZXNfbG9yZW56LnBkZgATAAEvAAAVAAIADP//AAAACAANABoAJAC/AAAAAAAAAgEAAAAAAAAABQAAAAAAAAAAAAAAAAAAAzU=}}

@book{analysis_tao_II,
	author = {Terence Tao},
	date-added = {2023-08-18 16:57:30 +0200},
	date-modified = {2023-08-18 17:24:07 +0200},
	doi = {10.1007/978-981-19-7284-3},
	edition = {4},
	publisher = {Springer Nature Singapore},
	title = {Analysis {II}},
	url = {https://doi.org/10.1007%2F978-981-19-7284-3},
	year = 2022,
	bdsk-file-1 = {YnBsaXN0MDDSAQIDBFxyZWxhdGl2ZVBhdGhZYWxpYXNEYXRhXxA0Li4vLi4vLi4vLi4vc2NpZWJvL21hdGgvYW5hbHlzaXMvYW5hbHlzaXNfMDFfdGFvLnBkZk8RAW4AAAAAAW4AAgAADE1hY2ludG9zaCBIRAAAAAAAAAAAAAAAAAAAAODS5dZCRAAB/////xNhbmFseXNpc18wMV90YW8ucGRmAAAAAAAAAAAAAAAAAAAAAAAAAAAAAAAAAAAAAAAAAAAAAAAAAAAAAAAAAAD/////4GBTwgAAAAAAAAAAAAQABAAACiBjdQAAAAAAAAAAAAAAAAAIYW5hbHlzaXMAAgA2LzpVc2Vyczpya25vdDpzY2llYm86bWF0aDphbmFseXNpczphbmFseXNpc18wMV90YW8ucGRmAA4AKAATAGEAbgBhAGwAeQBzAGkAcwBfADAAMQBfAHQAYQBvAC4AcABkAGYADwAaAAwATQBhAGMAaQBuAHQAbwBzAGgAIABIAEQAEgA0VXNlcnMvcmtub3Qvc2NpZWJvL21hdGgvYW5hbHlzaXMvYW5hbHlzaXNfMDFfdGFvLnBkZgATAAEvAAAVAAIADP//AAAACAANABoAJABbAAAAAAAAAgEAAAAAAAAABQAAAAAAAAAAAAAAAAAAAc0=}}

@book{analysis_tao_I,
	author = {Terence Tao},
	date-added = {2023-08-18 16:57:16 +0200},
	date-modified = {2023-08-18 17:24:13 +0200},
	doi = {10.1007/978-981-19-7261-4},
	edition = {4},
	publisher = {Springer Nature Singapore},
	title = {Analysis I},
	url = {https://doi.org/10.1007%2F978-981-19-7261-4},
	year = 2022,
	bdsk-file-1 = {YnBsaXN0MDDSAQIDBFxyZWxhdGl2ZVBhdGhZYWxpYXNEYXRhXxA0Li4vLi4vLi4vLi4vc2NpZWJvL21hdGgvYW5hbHlzaXMvYW5hbHlzaXNfMDJfdGFvLnBkZk8RAW4AAAAAAW4AAgAADE1hY2ludG9zaCBIRAAAAAAAAAAAAAAAAAAAAODS5dZCRAAB/////xNhbmFseXNpc18wMl90YW8ucGRmAAAAAAAAAAAAAAAAAAAAAAAAAAAAAAAAAAAAAAAAAAAAAAAAAAAAAAAAAAD/////4GBTzgAAAAAAAAAAAAQABAAACiBjdQAAAAAAAAAAAAAAAAAIYW5hbHlzaXMAAgA2LzpVc2Vyczpya25vdDpzY2llYm86bWF0aDphbmFseXNpczphbmFseXNpc18wMl90YW8ucGRmAA4AKAATAGEAbgBhAGwAeQBzAGkAcwBfADAAMgBfAHQAYQBvAC4AcABkAGYADwAaAAwATQBhAGMAaQBuAHQAbwBzAGgAIABIAEQAEgA0VXNlcnMvcmtub3Qvc2NpZWJvL21hdGgvYW5hbHlzaXMvYW5hbHlzaXNfMDJfdGFvLnBkZgATAAEvAAAVAAIADP//AAAACAANABoAJABbAAAAAAAAAgEAAAAAAAAABQAAAAAAAAAAAAAAAAAAAc0=}}

@book{functional_alt,
	author = {Hans Wilhelm Alt},
	date-added = {2023-08-18 16:51:51 +0200},
	date-modified = {2023-08-18 17:00:03 +0200},
	doi = {10.1007/978-1-4471-7280-2},
	publisher = {Springer London},
	title = {Linear Functional Analysis},
	url = {https://doi.org/10.1007%2F978-1-4471-7280-2},
	year = 2016,
	bdsk-file-1 = {YnBsaXN0MDDSAQIDBFxyZWxhdGl2ZVBhdGhZYWxpYXNEYXRhXxCKLi4vLi4vLi4vLi4vc2NpZWJvL21hdGgvaW1hZ2VfcHJvY2Vzc2luZy9tYXRoZW1hdGljYWxfbWV0aG9kc19pbl9zaWduYWxfYW5kX2ltYWdlX3Byb2Nlc3NpbmcvcmVmZXJlbmNlcy9saW5lYXJfZnVuY3Rpb25hbF9hbmFseXNpc19hbHQucGRmTxECOgAAAAACOgACAAAMTWFjaW50b3NoIEhEAAAAAAAAAAAAAAAAAAAA4NLl1kJEAAH/////H2xpbmVhcl9mdW5jdGlvbmFsXyNGRkZGRkZGRi5wZGYAAAAAAAAAAAAAAAAAAAAAAAAAAAAAAAAAAAAAAAAAAP/////dhSjGAAAAAAAAAAAABAAGAAAKIGN1AAAAAAAAAAAAAAAAAApyZWZlcmVuY2VzAAIAjC86VXNlcnM6cmtub3Q6c2NpZWJvOm1hdGg6aW1hZ2VfcHJvY2Vzc2luZzptYXRoZW1hdGljYWxfbWV0aG9kc19pbl9zaWduYWxfYW5kX2ltYWdlX3Byb2Nlc3Npbmc6cmVmZXJlbmNlczpsaW5lYXJfZnVuY3Rpb25hbF9hbmFseXNpc19hbHQucGRmAA4ARgAiAGwAaQBuAGUAYQByAF8AZgB1AG4AYwB0AGkAbwBuAGEAbABfAGEAbgBhAGwAeQBzAGkAcwBfAGEAbAB0AC4AcABkAGYADwAaAAwATQBhAGMAaQBuAHQAbwBzAGgAIABIAEQAEgCKVXNlcnMvcmtub3Qvc2NpZWJvL21hdGgvaW1hZ2VfcHJvY2Vzc2luZy9tYXRoZW1hdGljYWxfbWV0aG9kc19pbl9zaWduYWxfYW5kX2ltYWdlX3Byb2Nlc3NpbmcvcmVmZXJlbmNlcy9saW5lYXJfZnVuY3Rpb25hbF9hbmFseXNpc19hbHQucGRmABMAAS8AABUAAgAM//8AAAAIAA0AGgAkALEAAAAAAAACAQAAAAAAAAAFAAAAAAAAAAAAAAAAAAAC7w==}}
